2748 4838
206 266 262 323 ¹vt
321 307 327 318 .
652 248 871 344 ‚Praefatio
956 299 961 306 ·

219 431 377 538 aggredi
417 433 457 510 in
495 435 626 510 animo
661 435 755 530 fuit,
799 397 1060 512 solertissime
1081 435 1328 536 perscrutari,

219 623 290 676 neo
315 553 465 673 tantum
494 553 662 674 rariores
694 597 759 676 seri
774 598 957 718 „maxime
982 598 1159 712 vulgares
1183 621 1331 696 quoque

218 755 438 860 plantarum
452 759 608 858 species,
627 783 723 859 quae
744 757 863 834 etiam
885 757 925 834 in
942 759 1093 860 Europa
1110 783 1178 834 sua
1200 771 1332 859 sponte

218 935 416 1015 oresount,
448 919 653 1024 diligenter
685 919 887 998 observare
911 933 949 997 et
975 900 1175 1023 colligere,
1205 919 1261 997 ita
1286 932 1333 995 ut

220 1082 454 1186 comparatis
485 1082 547 1161 his
580 1107 672 1162 oum
707 1081 904 1184 europaeis
944 1080 1083 1184 plantis
1119 1093 1331 1174 erueretur,

219 1270 317 1345 quae
337 1243 566 1348 vegetabilia
592 1243 671 1323 illis
695 1243 916 1348 regionibus
940 1267 1032 1321 oum
1054 1245 1205 1344 Europa
1225 1267 1332 1320 com-

219 1407 375 1500 munia,
408 1431 506 1506 quae
540 1367 665 1486 essent
695 1405 917 1509 peculiaris.
968 1401 1048 1504 Quo
1079 1407 1225 1488 fautum
1258 1423 1332 1504 est,

218 1581 261 1645 ut
285 1593 354 1668 per
378 1580 562 1648 aestatem
586 1545 679 1648 unni
706 1569 806 1646 1826
835 1567 992 1646 oiroiter
1019 1569 1120 1690 1690
1146 1571 1332 1674 phanero-

220 1753 429 1832 gamarum
468 1729 614 1831 speeies
647 1755 669 1808 a
703 1729 809 1810 nobis
844 1730 1135 1832 colligarentur,
1175 1733 1217 1808 in
1256 1731 1331 1809 hoo

218 1915 330 1991 opere
355 1890 618 1972 recensendae.
669 1894 751 1968 Non
777 1891 910 1980 dubito
929 1891 1098 1993 quidem,
1122 1894 1212 1970 hino
1237 1893 1332 1970 inde

219 2051 261 2128 in
285 2051 400 2147 loois,
435 2077 527 2152 quos
551 2053 598 2132 ob
613 2053 807 2153 ‘temporis
832 2052 1062 2138 brevitatem
1094 2053 1196 2134 haud
1222 2054 1332 2132 adire

219 2214 280 2291 rel
305 2215 442 2292 saltem
471 2167 601 2293 minus
632 2215 837 2318 diligenter
867 2215 1100 2314 perscrutari
1125 2217 1333 2318 potuimus,

217 2349 366 2477 plantas
386 2380 422 2456 :a
457 2377 566 2457 nobis
595 2351 670 2454 non
699 2375 917 2456 observatas
954 2377 997 2455 in
1029 2391 1222 2478 posterum
1254 2381 1332 2456 ool·

218 2541 362 2616 loetum
388 2539 454 2631 iri,
479 2563 645 2636 quarum
673 2552 806 2616 tamen
832 2535 986 2638 copiam
1013 2539 1114 2662 houd
1141 2565 1331 2644 magnam

216 2699 299 2778 lore
322 2663 641 2780 existiinnvorim.
683 2701 767 2780 Etsi
794 2727 841 2778 ox
867 2702 928 2780 his
941 2685 1064 2801 'patet
1090 2711 1154 2779 me
1173 2703 1332 2780 Florem

220 2861 403 2942 altaioam
430 2860 654 2976 neutiquam
687 2862 899 2940 absolutum
924 2861 1086 2954 habere,
1119 2861 1161 2935 in
1186 2863 1332 2942 edendo

217 3024 336 3102 hoooe
357 3024 537 3122 opusculo
563 3048 638 3100 non
654 3021 873 3116 haesitavi,
908 3046 1000 3100 oum
1025 2993 1139 3108 nemo
1169 3024 1332 3118 neseiat,

100 3245 109 3256 .
217 3198 411 3282 tentameu
434 3183 608 3291 primum
627 3182 762 3262 Florae
782 3182 952 3281 cujusvis
974 3197 1101 3262 terrae
1124 3209 1198 3261 non
1221 3210 1342 3284 posse¹

155 3437 170 3464 x
218 3371 293 3426 noo
318 3367 399 3424 esse
424 3369 621 3426 mancum·
660 3345 842 3450 Regionis
868 3358 998 3424 autem
1025 3347 1188 3426 altaioae
1213 3321 1331 3426 Flora

217 3532 260 3586 ao
289 3507 449 3607 majoris
483 3505 669 3586 momenti
694 3531 775 3586 esse
799 3506 971 3603 videtur,
1004 3509 1101 3608 quod
1128 3533 1245 3609 aeque
1269 3506 1338 3584 ‹ti-·

215 3683 292 3750 stat
314 3649 422 3776 regio
452 3667 520 3746 ille
547 3696 569 3747 e
593 3670 706 3750 litore
732 3673 867 3748 oceani
901 3661 1099 3750 orientalis
1132 3696 1179 3748 oo
1204 3669 1329 3749 maris

215 3829 369 3926 baltici,
396 3831 437 3908 in
464 3831 590 3909 medio
616 3831 739 3938 igitur
764 3831 976 3909 vastissimi
1001 3831 1139 3908 rossioi
1165 3830 1329 3930 imperii

215 3992 294 4114 sita¹
315 3993 517 4074 vinoulum
536 3995 645 4096 quasi
671 4007 726 4070 est
751 3992 853 4071 inter
868 3993 1023 4072 Florem
1046 3991 1327 4088 occidentalem

216 4168 253 4231 et
278 4155 504 4232 orientalem
537 4157 649 4256 hujus
682 4181 810 4238 oonea.
863 4157 974 4232 Plura
1001 4155 1106 4234 enim
1133 4153 1326 4259 vegetabi-

1226 4328 1234 4334 ·
1362 4299 1367 4382 ³,
