<?xml version="1.0" encoding="UTF-8"?>
<!DOCTYPE html PUBLIC "-//W3C//DTD XHTML 1.0 Transitional//EN"
    "http://www.w3.org/TR/xhtml1/DTD/xhtml1-transitional.dtd">
<html xmlns="http://www.w3.org/1999/xhtml" xml:lang="en" lang="en">
 <head>
  <title>
</title>
<meta http-equiv="Content-Type" content="text/html;charset=utf-8" />
  <meta name='ocr-system' content='tesseract 3.04.00' />
  <meta name='ocr-capabilities' content='ocr_page ocr_carea ocr_par ocr_line ocrx_word'/>
</head>
<body>
  <div class='ocr_page' id='page_1' title='image "./floraaltaica03meyegoog_0053.png"; bbox 0 0 2748 4838; ppageno 0'>
   <div class='ocr_carea' id='block_1_1' title="bbox 184 253 1000 384">
    <p class='ocr_par' dir='ltr' id='par_1_1' title="bbox 184 253 1000 384">
     <span class='ocr_line' id='line_1_1' title="bbox 184 253 1000 384; baseline -0.01 -29"><span class='ocrx_word' id='word_1_1' title='bbox 184 278 237 355; x_wconf 84' lang='lat'>22</span> <span class='ocrx_word' id='word_1_2' title='bbox 488 253 492 261; x_wconf 72' lang='grc'><strong>“</strong></span> <span class='ocrx_word' id='word_1_3' title='bbox 549 270 610 384; x_wconf 51' lang='lat' dir='ltr'>cs,</span> <span class='ocrx_word' id='word_1_4' title='bbox 632 275 681 353; x_wconf 91' lang='lat'>11.</span> <span class='ocrx_word' id='word_1_5' title='bbox 731 257 932 351; x_wconf 63' lang='lat' dir='ltr'>niustria.</span> <span class='ocrx_word' id='word_1_6' title='bbox 996 357 1000 372; x_wconf 59' lang='grc'>,</span> 
     </span>
    </p>
   </div>
   <div class='ocr_carea' id='block_1_2' title="bbox 188 435 1306 680">
    <p class='ocr_par' dir='ltr' id='par_1_2' title="bbox 188 435 1306 680">
     <span class='ocr_line' id='line_1_2' title="bbox 188 435 1306 553; baseline -0.007 -24"><span class='ocrx_word' id='word_1_7' title='bbox 188 461 436 553; x_wconf 80' lang='lat' dir='ltr'>Serpyllum</span> <span class='ocrx_word' id='word_1_8' title='bbox 456 476 490 530; x_wconf 86' lang='lat' dir='ltr'>et</span> <span class='ocrx_word' id='word_1_9' title='bbox 510 435 737 528; x_wconf 71' lang='lat' dir='ltr'>Acinumt‘’</span> <span class='ocrx_word' id='word_1_10' title='bbox 760 481 821 528; x_wconf 82' lang='lat' dir='ltr'>nec</span> <span class='ocrx_word' id='word_1_11' title='bbox 844 481 929 530; x_wconf 80' lang='lat' dir='ltr'>nont</span> <span class='ocrx_word' id='word_1_12' title='bbox 954 458 1067 542; x_wconf 79' lang='lat' dir='ltr'>„folia</span> <span class='ocrx_word' id='word_1_13' title='bbox 1088 459 1210 543; x_wconf 81' lang='lat' dir='ltr'>glabra,</span> <span class='ocrx_word' id='word_1_14' title='bbox 1230 458 1306 525; x_wconf 84' lang='lat' dir='ltr'>basi</span> 
     </span>
     <span class='ocr_line' id='line_1_3' title="bbox 189 561 1195 680; baseline -0.008 -34"><span class='ocrx_word' id='word_1_15' title='bbox 189 575 326 646; x_wconf 81' lang='lat' dir='ltr'>ciliata.”</span> <span class='ocrx_word' id='word_1_16' title='bbox 356 602 438 670; x_wconf 81' lang='lat' dir='ltr'>quae</span> <span class='ocrx_word' id='word_1_17' title='bbox 461 583 571 646; x_wconf 82' lang='lat' dir='ltr'>omnia</span> <span class='ocrx_word' id='word_1_18' title='bbox 591 576 680 644; x_wconf 81' lang='lat' dir='ltr'>heud</span> <span class='ocrx_word' id='word_1_19' title='bbox 701 581 783 642; x_wconf 85' lang='lat' dir='ltr'>bene</span> <span class='ocrx_word' id='word_1_20' title='bbox 805 588 985 680; x_wconf 82' lang='lat' dir='ltr'>congruunt</span> <span class='ocrx_word' id='word_1_21' title='bbox 1004 575 1052 658; x_wconf 66' lang='lat' dir='ltr'>li).</span> <span class='ocrx_word' id='word_1_22' title='bbox 1193 561 1195 568; x_wconf 43' lang='lat'><strong><em>¹</em></strong></span> 
     </span>
    </p>
   </div>
   <div class='ocr_carea' id='block_1_3' title="bbox 498 730 990 810">
    <p class='ocr_par' dir='ltr' id='par_1_3' title="bbox 498 730 990 810">
     <span class='ocr_line' id='line_1_4' title="bbox 498 730 990 810; baseline -0.016 -9"><span class='ocrx_word' id='word_1_23' title='bbox 498 730 535 810; x_wconf 88' lang='grc'>3)</span> <span class='ocrx_word' id='word_1_24' title='bbox 566 731 756 798; x_wconf 80' lang='lat' dir='ltr'>Zszrrnons</span> <span class='ocrx_word' id='word_1_25' title='bbox 776 731 990 796; x_wconf 68' lang='lat' dir='ltr'>reumont-L..</span> 
     </span>
    </p>
   </div>
   <div class='ocr_carea' id='block_1_4' title="bbox 190 854 1315 1104">
    <p class='ocr_par' dir='ltr' id='par_1_4' title="bbox 190 854 1315 1104">
     <span class='ocr_line' id='line_1_5' title="bbox 190 854 1315 962; baseline -0.004 -22"><span class='ocrx_word' id='word_1_26' title='bbox 190 861 417 941; x_wconf 54' lang='lat' dir='ltr'>&amp;duribus</span> <span class='ocrx_word' id='word_1_27' title='bbox 442 862 667 938; x_wconf 69' lang='lat' dir='ltr'>ancillaribus</span> <span class='ocrx_word' id='word_1_28' title='bbox 693 860 860 962; x_wconf 86' lang='lat' dir='ltr'>geminis</span> <span class='ocrx_word' id='word_1_29' title='bbox 884 861 947 934; x_wconf 88' lang='lat' dir='ltr'>vel</span> <span class='ocrx_word' id='word_1_30' title='bbox 972 854 1178 957; x_wconf 75' lang='lat' dir='ltr'><strong>quaternis,</strong></span> <span class='ocrx_word' id='word_1_31' title='bbox 1202 857 1315 936; x_wconf 85' lang='lat' dir='ltr'>foliis</span> 
     </span>
     <span class='ocr_line' id='line_1_6' title="bbox 241 991 1314 1104; baseline 0.002 -36"><span class='ocrx_word' id='word_1_32' title='bbox 241 993 490 1070; x_wconf 75' lang='lat' dir='ltr'>interioribus</span> <span class='ocrx_word' id='word_1_33' title='bbox 508 993 836 1096; x_wconf 83' lang='lat' dir='ltr'>ovato-oblongis,</span> <span class='ocrx_word' id='word_1_34' title='bbox 861 991 1055 1069; x_wconf 84' lang='lat' dir='ltr'>floralibus</span> <span class='ocrx_word' id='word_1_35' title='bbox 1072 992 1314 1104; x_wconf 78' lang='lat' dir='ltr'>lineari-ob·</span> 
     </span>
    </p>
   </div>
   <div class='ocr_carea' id='block_1_5' title="bbox 166 1183 1369 4276">
    <p class='ocr_par' dir='ltr' id='par_1_5' title="bbox 228 1183 1317 1658">
     <span class='ocr_line' id='line_1_7' title="bbox 228 1183 1315 1262; baseline 0.002 -20"><span class='ocrx_word' id='word_1_36' title='bbox 228 1185 266 1258; x_wconf 58' lang='lat' dir='ltr'>ff)</span> <span class='ocrx_word' id='word_1_37' title='bbox 297 1186 456 1261; x_wconf 83' lang='lat' dir='ltr'>Utramque</span> <span class='ocrx_word' id='word_1_38' title='bbox 482 1187 604 1262; x_wconf 83' lang='lat' dir='ltr'>speciem</span> <span class='ocrx_word' id='word_1_39' title='bbox 627 1185 875 1259; x_wconf 82' lang='lat' dir='ltr'>conjungendam,</span> <span class='ocrx_word' id='word_1_40' title='bbox 903 1201 956 1242; x_wconf 88' lang='lat' dir='ltr'>nec</span> <span class='ocrx_word' id='word_1_41' title='bbox 977 1187 1011 1246; x_wconf 99' lang='grc' dir='ltr'>Ζ.</span> <span class='ocrx_word' id='word_1_42' title='bbox 1034 1183 1315 1258; x_wconf 80' lang='lat' dir='ltr'>serpyllaceem</span> 
     </span>
     <span class='ocr_line' id='line_1_8' title="bbox 261 1285 1317 1360; baseline 0.001 -16"><span class='ocrx_word' id='word_1_43' title='bbox 261 1287 448 1360; x_wconf 72' lang='lat' dir='ltr'>separandum</span> <span class='ocrx_word' id='word_1_44' title='bbox 473 1287 566 1348; x_wconf 77' lang='lat' dir='ltr'>credo.</span> <span class='ocrx_word' id='word_1_45' title='bbox 600 1289 692 1356; x_wconf 80' lang='lat' dir='ltr'>Haec,</span> <span class='ocrx_word' id='word_1_46' title='bbox 715 1290 749 1342; x_wconf 82' lang='lat' dir='ltr'>ut</span> <span class='ocrx_word' id='word_1_47' title='bbox 770 1285 972 1360; x_wconf 71' lang='lat' dir='ltr'>speciminibus</span> <span class='ocrx_word' id='word_1_48' title='bbox 994 1302 1085 1360; x_wconf 85' lang='lat' dir='ltr'>prope</span> <span class='ocrx_word' id='word_1_49' title='bbox 1108 1285 1208 1350; x_wconf 86' lang='lat' dir='ltr'>urbem</span> <span class='ocrx_word' id='word_1_50' title='bbox 1227 1287 1317 1345; x_wconf 85' lang='lat' dir='ltr'>Tillis</span> 
     </span>
     <span class='ocr_line' id='line_1_9' title="bbox 264 1377 1316 1460; baseline 0.001 -17"><span class='ocrx_word' id='word_1_51' title='bbox 264 1388 344 1444; x_wconf 86' lang='lat' dir='ltr'>lectis</span> <span class='ocrx_word' id='word_1_52' title='bbox 360 1387 494 1456; x_wconf 89' lang='lat' dir='ltr'>edoceor,</span> <span class='ocrx_word' id='word_1_53' title='bbox 519 1405 580 1443; x_wconf 87' lang='lat' dir='ltr'>non</span> <span class='ocrx_word' id='word_1_54' title='bbox 598 1385 708 1453; x_wconf 79' lang='lat' dir='ltr'>differt,</span> <span class='ocrx_word' id='word_1_55' title='bbox 732 1387 789 1441; x_wconf 90' lang='lat' dir='ltr'>nisi</span> <span class='ocrx_word' id='word_1_56' title='bbox 807 1386 885 1444; x_wconf 83' lang='lat' dir='ltr'>foliis</span> <span class='ocrx_word' id='word_1_57' title='bbox 899 1377 1124 1457; x_wconf 72' lang='lat' dir='ltr'>angustioribus,</span> <span class='ocrx_word' id='word_1_58' title='bbox 1153 1406 1224 1460; x_wconf 85' lang='lat' dir='ltr'>qnae</span> <span class='ocrx_word' id='word_1_59' title='bbox 1242 1407 1316 1444; x_wconf 83' lang='lat' dir='ltr'>vero</span> 
     </span>
     <span class='ocr_line' id='line_1_10' title="bbox 262 1485 1317 1572; baseline 0.002 -30"><span class='ocrx_word' id='word_1_60' title='bbox 262 1487 348 1544; x_wconf 88' lang='lat' dir='ltr'>etiam</span> <span class='ocrx_word' id='word_1_61' title='bbox 373 1488 405 1542; x_wconf 91' lang='lat' dir='ltr'>in</span> <span class='ocrx_word' id='word_1_62' title='bbox 427 1487 460 1544; x_wconf 86' lang='grc' dir='ltr'>Ζ.</span> <span class='ocrx_word' id='word_1_63' title='bbox 486 1485 790 1560; x_wconf 90' lang='lat' dir='ltr'>clinopodioide</span> <span class='ocrx_word' id='word_1_64' title='bbox 818 1485 968 1542; x_wconf 73' lang='lat' dir='ltr'>latitudine</span> <span class='ocrx_word' id='word_1_65' title='bbox 991 1486 1112 1572; x_wconf 64' lang='lat' dir='ltr'>parient.</span> <span class='ocrx_word' id='word_1_66' title='bbox 1159 1489 1257 1545; x_wconf 76' lang='lat' dir='ltr'>Floret</span> <span class='ocrx_word' id='word_1_67' title='bbox 1282 1491 1317 1544; x_wconf 86' lang='lat' dir='ltr'>in</span> 
     </span>
     <span class='ocr_line' id='line_1_11' title="bbox 264 1585 1317 1658; baseline 0.002 -13"><span class='ocrx_word' id='word_1_68' title='bbox 264 1587 400 1645; x_wconf 86' lang='lat' dir='ltr'>omnibus</span> <span class='ocrx_word' id='word_1_69' title='bbox 421 1586 499 1644; x_wconf 86' lang='lat' dir='ltr'>hisce</span> <span class='ocrx_word' id='word_1_70' title='bbox 524 1604 584 1643; x_wconf 88' lang='lat' dir='ltr'>non</span> <span class='ocrx_word' id='word_1_71' title='bbox 608 1588 639 1642; x_wconf 91' lang='lat' dir='ltr'>in</span> <span class='ocrx_word' id='word_1_72' title='bbox 665 1587 833 1642; x_wconf 83' lang='lat' dir='ltr'>lssciculum</span> <span class='ocrx_word' id='word_1_73' title='bbox 856 1585 1033 1642; x_wconf 72' lang='lat' dir='ltr'>terminalem</span> <span class='ocrx_word' id='word_1_74' title='bbox 1058 1588 1180 1658; x_wconf 73' lang='lat' dir='ltr'>collecti,</span> <span class='ocrx_word' id='word_1_75' title='bbox 1209 1590 1259 1646; x_wconf 91' lang='lat' dir='ltr'>sed</span> <span class='ocrx_word' id='word_1_76' title='bbox 1281 1592 1317 1646; x_wconf 90' lang='lat' dir='ltr'>in</span> 
     </span>
    </p>

    <p class='ocr_par' dir='ltr' id='par_1_6' title="bbox 174 1676 1319 1960">
     <span class='ocr_line' id='line_1_12' title="bbox 174 1676 1319 1774; baseline 0.001 -29"><span class='ocrx_word' id='word_1_77' title='bbox 174 1720 194 1740; x_wconf 55' lang='grc' dir='ltr'><strong>ψ</strong></span> <span class='ocrx_word' id='word_1_78' title='bbox 266 1676 357 1768; x_wconf 79' lang='lat' dir='ltr'>axillis</span> <span class='ocrx_word' id='word_1_79' title='bbox 375 1687 511 1744; x_wconf 87' lang='lat' dir='ltr'>loliorum</span> <span class='ocrx_word' id='word_1_80' title='bbox 529 1705 626 1744; x_wconf 82' lang='lat' dir='ltr'>versus</span> <span class='ocrx_word' id='word_1_81' title='bbox 643 1689 751 1760; x_wconf 80' lang='lat' dir='ltr'>apicem</span> <span class='ocrx_word' id='word_1_82' title='bbox 769 1687 856 1750; x_wconf 78' lang='lat' dir='ltr'>caulis</span> <span class='ocrx_word' id='word_1_83' title='bbox 872 1686 1147 1744; x_wconf 77' lang='lat' dir='ltr'>confertissimorum</span> <span class='ocrx_word' id='word_1_84' title='bbox 1167 1689 1319 1774; x_wconf 75' lang='lat' dir='ltr'>lancicula-</span> 
     </span>
     <span class='ocr_line' id='line_1_13' title="bbox 267 1787 1319 1866; baseline 0.004 -23"><span class='ocrx_word' id='word_1_85' title='bbox 267 1788 321 1844; x_wconf 87' lang='lat' dir='ltr'>tim</span> <span class='ocrx_word' id='word_1_86' title='bbox 344 1787 558 1862; x_wconf 77' lang='lat' dir='ltr'>provenientes,</span> <span class='ocrx_word' id='word_1_87' title='bbox 585 1787 752 1866; x_wconf 77' lang='lat' dir='ltr'>fasciculum</span> <span class='ocrx_word' id='word_1_88' title='bbox 776 1787 954 1842; x_wconf 73' lang='lat' dir='ltr'>terminalem</span> <span class='ocrx_word' id='word_1_89' title='bbox 976 1789 1154 1848; x_wconf 83' lang='lat' dir='ltr'>mentientes.</span> <span class='ocrx_word' id='word_1_90' title='bbox 1188 1790 1319 1847; x_wconf 84' lang='lat' dir='ltr'>Subinde</span> 
     </span>
     <span class='ocr_line' id='line_1_14' title="bbox 264 1888 1317 1960; baseline 0.002 -16"><span class='ocrx_word' id='word_1_91' title='bbox 264 1888 415 1946; x_wconf 79' lang='lat' dir='ltr'>inferiores</span> <span class='ocrx_word' id='word_1_92' title='bbox 432 1889 531 1944; x_wconf 83' lang='lat' dir='ltr'>axillas</span> <span class='ocrx_word' id='word_1_93' title='bbox 554 1888 695 1944; x_wconf 86' lang='lat' dir='ltr'>floriierne</span> <span class='ocrx_word' id='word_1_94' title='bbox 716 1905 733 1942; x_wconf 85' lang='lat' dir='ltr'>a</span> <span class='ocrx_word' id='word_1_95' title='bbox 757 1888 951 1960; x_wconf 85' lang='lat' dir='ltr'>superioribus</span> <span class='ocrx_word' id='word_1_96' title='bbox 972 1889 1061 1960; x_wconf 89' lang='lat' dir='ltr'>magis</span> <span class='ocrx_word' id='word_1_97' title='bbox 1078 1888 1182 1948; x_wconf 88' lang='lat' dir='ltr'>distant</span> <span class='ocrx_word' id='word_1_98' title='bbox 1207 1907 1235 1948; x_wconf 88' lang='lat' dir='ltr'>et</span> <span class='ocrx_word' id='word_1_99' title='bbox 1261 1891 1317 1946; x_wconf 87' lang='lat' dir='ltr'>ilo-</span> 
     </span>
    </p>

    <p class='ocr_par' dir='ltr' id='par_1_7' title="bbox 231 1965 1369 2662">
     <span class='ocr_line' id='line_1_15' title="bbox 231 1965 1319 2060; baseline 0.002 -16"><span class='ocrx_word' id='word_1_100' title='bbox 231 2023 235 2036; x_wconf 71' lang='lat'>,</span> <span class='ocrx_word' id='word_1_101' title='bbox 265 2006 332 2046; x_wconf 89' lang='lat' dir='ltr'>rum</span> <span class='ocrx_word' id='word_1_102' title='bbox 349 2006 486 2045; x_wconf 88' lang='lat' dir='ltr'>numerus</span> <span class='ocrx_word' id='word_1_103' title='bbox 503 1987 682 2055; x_wconf 86' lang='lat' dir='ltr'>diminuitur,</span> <span class='ocrx_word' id='word_1_104' title='bbox 700 2005 785 2060; x_wconf 85' lang='lat' dir='ltr'>quam</span> <span class='ocrx_word' id='word_1_105' title='bbox 803 1987 907 2044; x_wconf 87' lang='lat' dir='ltr'>florum</span> <span class='ocrx_word' id='word_1_106' title='bbox 924 1987 1151 2046; x_wconf 85' lang='lat' dir='ltr'>distributionem</span> <span class='ocrx_word' id='word_1_107' title='bbox 1169 1991 1200 2045; x_wconf 91' lang='lat' dir='ltr'>in</span> <span class='ocrx_word' id='word_1_108' title='bbox 1218 1965 1319 2048; x_wconf 81' lang='lat' dir='ltr'>omni-</span> 
     </span>
     <span class='ocr_line' id='line_1_16' title="bbox 266 2087 1318 2162; baseline 0.001 -16"><span class='ocrx_word' id='word_1_109' title='bbox 266 2088 321 2146; x_wconf 85' lang='lat' dir='ltr'>bus</span> <span class='ocrx_word' id='word_1_110' title='bbox 338 2087 416 2143; x_wconf 91' lang='lat' dir='ltr'>hisce</span> <span class='ocrx_word' id='word_1_111' title='bbox 439 2088 584 2161; x_wconf 86' lang='lat' dir='ltr'>speciebus</span> <span class='ocrx_word' id='word_1_112' title='bbox 603 2088 716 2143; x_wconf 90' lang='lat' dir='ltr'>obviam</span> <span class='ocrx_word' id='word_1_113' title='bbox 738 2107 905 2152; x_wconf 60' lang='lat' dir='ltr'>,nummum</span> <span class='ocrx_word' id='word_1_114' title='bbox 928 2089 1103 2143; x_wconf 80' lang='lat' dir='ltr'>terminalem</span> <span class='ocrx_word' id='word_1_115' title='bbox 1128 2096 1318 2162; x_wconf 82' lang='lat' dir='ltr'>capitatum”</span> 
     </span>
     <span class='ocr_line' id='line_1_17' title="bbox 267 2185 1369 2262; baseline -0.003 -17"><span class='ocrx_word' id='word_1_116' title='bbox 267 2185 477 2262; x_wconf 75' lang='lat' dir='ltr'>nuncuparunt</span> <span class='ocrx_word' id='word_1_117' title='bbox 494 2196 634 2244; x_wconf 83' lang='lat' dir='ltr'>suctores.</span> <span class='ocrx_word' id='word_1_118' title='bbox 669 2186 824 2260; x_wconf 87' lang='lat' dir='ltr'>Ejusmodi</span> <span class='ocrx_word' id='word_1_119' title='bbox 844 2189 986 2260; x_wconf 88' lang='lat' dir='ltr'>specimen</span> <span class='ocrx_word' id='word_1_120' title='bbox 1008 2188 1077 2245; x_wconf 82' lang='lat' dir='ltr'>ecl.</span> <span class='ocrx_word' id='word_1_121' title='bbox 1096 2187 1235 2262; x_wconf 72' lang='lat' dir='ltr'>Redolplr</span> <span class='ocrx_word' id='word_1_122' title='bbox 1254 2192 1272 2247; x_wconf 89' lang='lat' dir='ltr'>l.</span> <span class='ocrx_word' id='word_1_123' title='bbox 1290 2211 1319 2253; x_wconf 88' lang='lat' dir='ltr'>c.</span> <span class='ocrx_word' id='word_1_124' title='bbox 1368 2239 1369 2242; x_wconf 76' lang='grc'>,</span> 
     </span>
     <span class='ocr_line' id='line_1_18' title="bbox 267 2257 1369 2360; baseline 0.008 -19"><span class='ocrx_word' id='word_1_125' title='bbox 267 2297 291 2344; x_wconf 91' lang='lat' dir='ltr'>t.</span> <span class='ocrx_word' id='word_1_126' title='bbox 308 2287 377 2345; x_wconf 80' lang='lat' dir='ltr'>xit.</span> <span class='ocrx_word' id='word_1_127' title='bbox 395 2286 564 2344; x_wconf 87' lang='lat' dir='ltr'>delineatum</span> <span class='ocrx_word' id='word_1_128' title='bbox 581 2281 711 2343; x_wconf 77' lang='lat' dir='ltr'>liabitum</span> <span class='ocrx_word' id='word_1_129' title='bbox 733 2287 846 2360; x_wconf 88' lang='lat' dir='ltr'>plantae</span> <span class='ocrx_word' id='word_1_130' title='bbox 863 2266 1125 2344; x_wconf 69' lang='lat' dir='ltr'>Biebersceinianbe</span> <span class='ocrx_word' id='word_1_131' title='bbox 1151 2289 1226 2349; x_wconf 87' lang='lat' dir='ltr'>baud</span> <span class='ocrx_word' id='word_1_132' title='bbox 1245 2292 1322 2350; x_wconf 88' lang='lat' dir='ltr'>bene</span> <span class='ocrx_word' id='word_1_133' title='bbox 1368 2257 1369 2310; x_wconf 31' lang='grc' dir='ltr'><strong>ἶ</strong></span> 
     </span>
     <span class='ocr_line' id='line_1_19' title="bbox 267 2373 1369 2464; baseline 0.004 -19"><span class='ocrx_word' id='word_1_134' title='bbox 267 2389 412 2463; x_wconf 84' lang='lat' dir='ltr'>exprimit.</span> <span class='ocrx_word' id='word_1_135' title='bbox 447 2388 528 2445; x_wconf 80' lang='lat' dir='ltr'>Folia</span> <span class='ocrx_word' id='word_1_136' title='bbox 544 2381 685 2463; x_wconf 69' lang='lat' dir='ltr'>punctam,</span> <span class='ocrx_word' id='word_1_137' title='bbox 703 2387 749 2444; x_wconf 79' lang='lat' dir='ltr'>vel</span> <span class='ocrx_word' id='word_1_138' title='bbox 763 2389 857 2460; x_wconf 88' lang='lat' dir='ltr'>potius</span> <span class='ocrx_word' id='word_1_139' title='bbox 874 2387 996 2458; x_wconf 80' lang='lat' dir='ltr'>globulis</span> <span class='ocrx_word' id='word_1_140' title='bbox 1012 2389 1159 2462; x_wconf 89' lang='lat' dir='ltr'>pellucidis</span> <span class='ocrx_word' id='word_1_141' title='bbox 1176 2391 1322 2464; x_wconf 81' lang='lat' dir='ltr'>adspersa,</span> <span class='ocrx_word' id='word_1_142' title='bbox 1368 2373 1369 2380; x_wconf 8' lang='grc' dir='ltr'>ἵ</span> 
     </span>
     <span class='ocr_line' id='line_1_20' title="bbox 269 2485 1323 2563; baseline 0.003 -17"><span class='ocrx_word' id='word_1_143' title='bbox 269 2489 354 2546; x_wconf 83' lang='lat' dir='ltr'>etiam</span> <span class='ocrx_word' id='word_1_144' title='bbox 370 2490 402 2546; x_wconf 91' lang='lat' dir='ltr'>ln</span> <span class='ocrx_word' id='word_1_145' title='bbox 419 2488 452 2546; x_wconf 87' lang='grc' dir='ltr'>Ζ.</span> <span class='ocrx_word' id='word_1_146' title='bbox 471 2485 762 2563; x_wconf 89' lang='lat' dir='ltr'>clinopodioide</span> <span class='ocrx_word' id='word_1_147' title='bbox 780 2501 808 2549; x_wconf 77' lang='lat' dir='ltr'>et</span> <span class='ocrx_word' id='word_1_148' title='bbox 829 2488 948 2562; x_wconf 84' lang='lat' dir='ltr'>media</span> <span class='ocrx_word' id='word_1_149' title='bbox 972 2489 1170 2562; x_wconf 84' lang='lat' dir='ltr'>observantur,</span> <span class='ocrx_word' id='word_1_150' title='bbox 1188 2492 1323 2563; x_wconf 85' lang='lat' dir='ltr'>globulo·</span> 
     </span>
     <span class='ocr_line' id='line_1_21' title="bbox 271 2572 1323 2662; baseline 0.006 -16"><span class='ocrx_word' id='word_1_151' title='bbox 271 2608 338 2646; x_wconf 87' lang='lat' dir='ltr'>rum</span> <span class='ocrx_word' id='word_1_152' title='bbox 363 2589 445 2662; x_wconf 79' lang='lat' dir='ltr'>eopia</span> <span class='ocrx_word' id='word_1_153' title='bbox 470 2590 577 2662; x_wconf 82' lang='lat' dir='ltr'>majore</span> <span class='ocrx_word' id='word_1_154' title='bbox 601 2589 644 2645; x_wconf 87' lang='lat' dir='ltr'>vel</span> <span class='ocrx_word' id='word_1_155' title='bbox 665 2589 779 2646; x_wconf 81' lang='lat' dir='ltr'>minore</span> <span class='ocrx_word' id='word_1_156' title='bbox 801 2607 855 2660; x_wconf 87' lang='lat' dir='ltr'>pro</span> <span class='ocrx_word' id='word_1_157' title='bbox 880 2589 944 2644; x_wconf 86' lang='lat' dir='ltr'>solo</span> <span class='ocrx_word' id='word_1_158' title='bbox 970 2589 1093 2646; x_wconf 77' lang='lat' dir='ltr'>aridiore</span> <span class='ocrx_word' id='word_1_159' title='bbox 1110 2572 1323 2652; x_wconf 29' lang='lat' dir='ltr'>vel&#39;lertiliore·</span> 
     </span>
    </p>

    <p class='ocr_par' dir='ltr' id='par_1_8' title="bbox 186 2686 1322 2766">
     <span class='ocr_line' id='line_1_22' title="bbox 186 2686 1322 2766; baseline 0.004 -21"><span class='ocrx_word' id='word_1_160' title='bbox 186 2697 188 2702; x_wconf 88' lang='lat'>&#39;</span> <span class='ocrx_word' id='word_1_161' title='bbox 271 2686 386 2764; x_wconf 75' lang='lat' dir='ltr'>calyces</span> <span class='ocrx_word' id='word_1_162' title='bbox 409 2689 747 2762; x_wconf 76' lang='lat' dir='ltr'>tnz.serpy11ace·</span> <span class='ocrx_word' id='word_1_163' title='bbox 767 2699 794 2745; x_wconf 91' lang='lat' dir='ltr'>et</span> <span class='ocrx_word' id='word_1_164' title='bbox 818 2689 1111 2763; x_wconf 87' lang='lat' dir='ltr'>clinopodioide</span> <span class='ocrx_word' id='word_1_165' title='bbox 1134 2693 1210 2766; x_wconf 88' lang='lat' dir='ltr'>pube</span> <span class='ocrx_word' id='word_1_166' title='bbox 1231 2692 1322 2752; x_wconf 88' lang='lat' dir='ltr'>densa</span> 
     </span>
    </p>

    <p class='ocr_par' dir='ltr' id='par_1_9' title="bbox 200 2779 1322 2870">
     <span class='ocr_line' id='line_1_23' title="bbox 200 2779 1322 2870; baseline 0.004 -24"><span class='ocrx_word' id='word_1_167' title='bbox 200 2835 202 2840; x_wconf 93' lang='lat'><em>.</em></span> <span class='ocrx_word' id='word_1_168' title='bbox 269 2781 439 2866; x_wconf 84' lang='lat' dir='ltr'>plerumque</span> <span class='ocrx_word' id='word_1_169' title='bbox 455 2789 535 2844; x_wconf 84' lang='lat' dir='ltr'>brevi</span> <span class='ocrx_word' id='word_1_170' title='bbox 552 2790 684 2862; x_wconf 79' lang='lat' dir='ltr'>adpressu</span> <span class='ocrx_word' id='word_1_171' title='bbox 702 2799 887 2864; x_wconf 70' lang='lat' dir='ltr'>concinentes,</span> <span class='ocrx_word' id='word_1_172' title='bbox 906 2789 936 2843; x_wconf 93' lang='lat' dir='ltr'>in</span> <span class='ocrx_word' id='word_1_173' title='bbox 952 2789 988 2846; x_wconf 88' lang='grc' dir='ltr'>Ζ.</span> <span class='ocrx_word' id='word_1_174' title='bbox 1007 2779 1257 2870; x_wconf 73' lang='lat' dir='ltr'>media-insuper</span> <span class='ocrx_word' id='word_1_175' title='bbox 1272 2796 1322 2869; x_wconf 88' lang='lat' dir='ltr'>pi·</span> 
     </span>
    </p>

    <p class='ocr_par' dir='ltr' id='par_1_10' title="bbox 166 2887 1322 3068">
     <span class='ocr_line' id='line_1_24' title="bbox 166 2887 1322 2967; baseline 0.009 -24"><span class='ocrx_word' id='word_1_176' title='bbox 166 2939 170 2950; x_wconf 56' lang='lat'>,</span> <span class='ocrx_word' id='word_1_177' title='bbox 269 2889 307 2947; x_wconf 91' lang='lat' dir='ltr'>lis</span> <span class='ocrx_word' id='word_1_178' title='bbox 328 2888 505 2960; x_wconf 79' lang='lat' dir='ltr'>longioribus</span> <span class='ocrx_word' id='word_1_179' title='bbox 527 2888 688 2960; x_wconf 86' lang='lat' dir='ltr'>patentibus</span> <span class='ocrx_word' id='word_1_180' title='bbox 705 2887 820 2960; x_wconf 87' lang='lat' dir='ltr'>bispidi.</span> <span class='ocrx_word' id='word_1_181' title='bbox 855 2889 969 2943; x_wconf 84' lang='lat' dir='ltr'>Dantur</span> <span class='ocrx_word' id='word_1_182' title='bbox 992 2901 1087 2948; x_wconf 83' lang='lat' dir='ltr'>autem</span> <span class='ocrx_word' id='word_1_183' title='bbox 1104 2895 1260 2967; x_wconf 84' lang='lat' dir='ltr'>specimina</span> <span class='ocrx_word' id='word_1_184' title='bbox 1275 2915 1322 2953; x_wconf 87' lang='lat' dir='ltr'>ca·</span> 
     </span>
     <span class='ocr_line' id='line_1_25' title="bbox 270 2985 1131 3068; baseline 0.006 -24"><span class='ocrx_word' id='word_1_185' title='bbox 270 2989 379 3066; x_wconf 80' lang='lat' dir='ltr'>lycibus</span> <span class='ocrx_word' id='word_1_186' title='bbox 395 2985 578 3060; x_wconf 88' lang='lat' dir='ltr'>subhispidis‚</span> <span class='ocrx_word' id='word_1_187' title='bbox 595 3004 666 3059; x_wconf 89' lang='lat' dir='ltr'>quae</span> <span class='ocrx_word' id='word_1_188' title='bbox 684 2987 835 3068; x_wconf 81' lang='lat' dir='ltr'>transitum</span> <span class='ocrx_word' id='word_1_189' title='bbox 852 2986 1059 3048; x_wconf 87' lang='lat' dir='ltr'>demonstrant.</span> <span class='ocrx_word' id='word_1_190' title='bbox 1127 3039 1131 3048; x_wconf 92' lang='lat'><strong><em>.</em></strong></span> 
     </span>
    </p>

    <p class='ocr_par' dir='ltr' id='par_1_11' title="bbox 342 3085 1323 3169">
     <span class='ocr_line' id='line_1_26' title="bbox 342 3085 1323 3169; baseline 0.007 -26"><span class='ocrx_word' id='word_1_191' title='bbox 342 3086 589 3146; x_wconf 78' lang='lat' dir='ltr'>Z.‘ecinoides</span> <span class='ocrx_word' id='word_1_192' title='bbox 605 3085 646 3142; x_wconf 89' lang='lat' dir='ltr'>L.</span> <span class='ocrx_word' id='word_1_193' title='bbox 664 3087 820 3168; x_wconf 86' lang='lat' dir='ltr'>secundum</span> <span class='ocrx_word' id='word_1_194' title='bbox 835 3086 919 3162; x_wconf 82' lang='lat' dir='ltr'>hujus</span> <span class='ocrx_word' id='word_1_195' title='bbox 938 3099 966 3144; x_wconf 87' lang='lat' dir='ltr'>et</span> <span class='ocrx_word' id='word_1_196' title='bbox 986 3089 1086 3152; x_wconf 77' lang='lat' dir='ltr'>Vatttt</span> <span class='ocrx_word' id='word_1_197' title='bbox 1102 3091 1323 3169; x_wconf 86' lang='lat' dir='ltr'>descriptionem</span> 
     </span>
    </p>

    <p class='ocr_par' dir='ltr' id='par_1_12' title="bbox 274 3185 1324 3268">
     <span class='ocr_line' id='line_1_27' title="bbox 274 3185 1324 3268; baseline 0.005 -24"><span class='ocrx_word' id='word_1_198' title='bbox 274 3189 360 3262; x_wconf 83' lang='lat' dir='ltr'>louge</span> <span class='ocrx_word' id='word_1_199' title='bbox 377 3188 432 3245; x_wconf 82' lang='lat' dir='ltr'>alia</span> <span class='ocrx_word' id='word_1_200' title='bbox 450 3187 547 3261; x_wconf 82' lang='lat' dir='ltr'>planta</span> <span class='ocrx_word' id='word_1_201' title='bbox 563 3185 692 3258; x_wconf 83' lang='lat' dir='ltr'>videtur,</span> <span class='ocrx_word' id='word_1_202' title='bbox 710 3189 743 3246; x_wconf 89' lang='grc' dir='ltr'>Ζ.</span> <span class='ocrx_word' id='word_1_203' title='bbox 761 3185 986 3263; x_wconf 82' lang='lat' dir='ltr'>hispanicae</span> <span class='ocrx_word' id='word_1_204' title='bbox 999 3193 1087 3264; x_wconf 87' lang='lat' dir='ltr'>magis</span> <span class='ocrx_word' id='word_1_205' title='bbox 1107 3194 1216 3266; x_wconf 83' lang='lat' dir='ltr'>affinis,</span> <span class='ocrx_word' id='word_1_206' title='bbox 1233 3213 1324 3268; x_wconf 85' lang='lat' dir='ltr'>quam</span> 
     </span>
    </p>

    <p class='ocr_par' dir='ltr' id='par_1_13' title="bbox 275 3265 1326 3368">
     <span class='ocr_line' id='line_1_28' title="bbox 275 3265 1326 3368; baseline 0.005 -23"><span class='ocrx_word' id='word_1_207' title='bbox 275 3287 575 3363; x_wconf 84' lang='lat' dir='ltr'>clinopodioidi,</span> <span class='ocrx_word' id='word_1_208' title='bbox 601 3288 695 3345; x_wconf 87' lang='lat' dir='ltr'>radice</span> <span class='ocrx_word' id='word_1_209' title='bbox 716 3265 825 3354; x_wconf 71' lang='lat' dir='ltr'>annuat</span> <span class='ocrx_word' id='word_1_210' title='bbox 849 3287 966 3346; x_wconf 86' lang='lat' dir='ltr'>floribus</span> <span class='ocrx_word' id='word_1_211' title='bbox 984 3290 1145 3350; x_wconf 85' lang='lat' dir='ltr'>lateralibus</span> <span class='ocrx_word' id='word_1_212' title='bbox 1163 3295 1206 3362; x_wconf 88' lang='lat' dir='ltr'>(in</span> <span class='ocrx_word' id='word_1_213' title='bbox 1223 3295 1326 3368; x_wconf 79' lang='lat' dir='ltr'>plante</span> 
     </span>
    </p>

    <p class='ocr_par' dir='ltr' id='par_1_14' title="bbox 275 3373 1324 3470">
     <span class='ocr_line' id='line_1_29' title="bbox 275 3373 1324 3470; baseline 0.004 -24"><span class='ocrx_word' id='word_1_214' title='bbox 275 3390 362 3461; x_wconf 84' lang='lat' dir='ltr'>culta)</span> <span class='ocrx_word' id='word_1_215' title='bbox 380 3407 431 3464; x_wconf 86' lang='lat' dir='ltr'>per</span> <span class='ocrx_word' id='word_1_216' title='bbox 459 3401 545 3446; x_wconf 66' lang='grc' dir='ltr'><strong>ωιιιιι</strong></span> <span class='ocrx_word' id='word_1_217' title='bbox 568 3388 737 3470; x_wconf 21' lang='lat' dir='ltr'>iere-caulis</span> <span class='ocrx_word' id='word_1_218' title='bbox 761 3373 967 3460; x_wconf 85' lang='lat' dir='ltr'>longitudinem</span> <span class='ocrx_word' id='word_1_219' title='bbox 991 3389 1149 3465; x_wconf 86' lang='lat' dir='ltr'>dispositis,</span> <span class='ocrx_word' id='word_1_220' title='bbox 1174 3395 1205 3448; x_wconf 92' lang='lat' dir='ltr'>in</span> <span class='ocrx_word' id='word_1_221' title='bbox 1223 3395 1324 3468; x_wconf 85' lang='lat' dir='ltr'>quavis</span> 
     </span>
    </p>

    <p class='ocr_par' dir='ltr' id='par_1_15' title="bbox 274 3473 1327 3565">
     <span class='ocr_line' id='line_1_30' title="bbox 274 3473 1327 3565; baseline 0.009 -24"><span class='ocrx_word' id='word_1_222' title='bbox 274 3489 356 3548; x_wconf 75' lang='lat' dir='ltr'>uilla</span> <span class='ocrx_word' id='word_1_223' title='bbox 372 3487 543 3565; x_wconf 82' lang='lat' dir='ltr'>plerumque</span> <span class='ocrx_word' id='word_1_224' title='bbox 560 3489 680 3561; x_wconf 84' lang='lat' dir='ltr'>geminis</span> <span class='ocrx_word' id='word_1_225' title='bbox 697 3489 741 3544; x_wconf 83' lang='lat' dir='ltr'>vel</span> <span class='ocrx_word' id='word_1_226' title='bbox 758 3491 865 3558; x_wconf 90' lang='lat' dir='ltr'>ternis,</span> <span class='ocrx_word' id='word_1_227' title='bbox 889 3492 983 3547; x_wconf 86' lang='lat' dir='ltr'>rerius</span> <span class='ocrx_word' id='word_1_228' title='bbox 1001 3493 1136 3549; x_wconf 89' lang='lat' dir='ltr'>solitariis</span> <span class='ocrx_word' id='word_1_229' title='bbox 1161 3473 1226 3560; x_wconf 85' lang='lat' dir='ltr'>(nec</span> <span class='ocrx_word' id='word_1_230' title='bbox 1241 3513 1327 3550; x_wconf 87' lang='lat' dir='ltr'>race-</span> 
     </span>
    </p>

    <p class='ocr_par' dir='ltr' id='par_1_16' title="bbox 276 3575 1326 3664">
     <span class='ocr_line' id='line_1_31' title="bbox 276 3575 1326 3664; baseline 0.008 -20"><span class='ocrx_word' id='word_1_231' title='bbox 276 3590 519 3662; x_wconf 78' lang='lat' dir='ltr'>moso-spicetis,</span> <span class='ocrx_word' id='word_1_232' title='bbox 541 3599 573 3646; x_wconf 84' lang='lat' dir='ltr'>ut</span> <span class='ocrx_word' id='word_1_233' title='bbox 588 3590 618 3644; x_wconf 89' lang='lat' dir='ltr'>in</span> <span class='ocrx_word' id='word_1_234' title='bbox 634 3587 668 3648; x_wconf 84' lang='grc' dir='ltr'>Ζ.</span> <span class='ocrx_word' id='word_1_235' title='bbox 687 3588 921 3664; x_wconf 82' lang='lat' dir='ltr'>hispanica);</span> <span class='ocrx_word' id='word_1_236' title='bbox 947 3575 1026 3650; x_wconf 78' lang='lat' dir='ltr'>foliis</span> <span class='ocrx_word' id='word_1_237' title='bbox 1042 3595 1176 3652; x_wconf 84' lang='lat' dir='ltr'>omnibus</span> <span class='ocrx_word' id='word_1_238' title='bbox 1193 3614 1211 3651; x_wconf 88' lang='lat' dir='ltr'>a</span> <span class='ocrx_word' id='word_1_239' title='bbox 1227 3595 1326 3652; x_wconf 87' lang='lat' dir='ltr'>medio</span> 
     </span>
    </p>

    <p class='ocr_par' dir='ltr' id='par_1_17' title="bbox 234 3690 1367 4276">
     <span class='ocr_line' id='line_1_32' title="bbox 234 3690 1328 3764; baseline 0.005 -17"><span class='ocrx_word' id='word_1_240' title='bbox 234 3727 237 3734; x_wconf 92' lang='lat'>·</span> <span class='ocrx_word' id='word_1_241' title='bbox 277 3691 313 3748; x_wconf 84' lang='lat' dir='ltr'>td</span> <span class='ocrx_word' id='word_1_242' title='bbox 327 3690 409 3748; x_wconf 87' lang='lat' dir='ltr'>basin</span> <span class='ocrx_word' id='word_1_243' title='bbox 426 3708 533 3764; x_wconf 87' lang='lat' dir='ltr'>usque,</span> <span class='ocrx_word' id='word_1_244' title='bbox 550 3691 642 3748; x_wconf 83' lang='lat' dir='ltr'>rarius</span> <span class='ocrx_word' id='word_1_245' title='bbox 659 3709 692 3748; x_wconf 82' lang='lat' dir='ltr'>ex</span> <span class='ocrx_word' id='word_1_246' title='bbox 709 3700 771 3746; x_wconf 88' lang='lat' dir='ltr'>toto</span> <span class='ocrx_word' id='word_1_247' title='bbox 790 3691 907 3762; x_wconf 77' lang='lat' dir='ltr'>cibatis,</span> <span class='ocrx_word' id='word_1_248' title='bbox 931 3694 1115 3761; x_wconf 68' lang='lat' dir='ltr'>acuminatist</span> <span class='ocrx_word' id='word_1_249' title='bbox 1140 3696 1328 3760; x_wconf 71' lang='lat' dir='ltr'>interioribus</span> 
     </span>
     <span class='ocr_line' id='line_1_33' title="bbox 276 3790 1329 3870; baseline 0.004 -22"><span class='ocrx_word' id='word_1_250' title='bbox 276 3790 494 3848; x_wconf 81' lang='lat' dir='ltr'>tuborbieuletis</span> <span class='ocrx_word' id='word_1_251' title='bbox 520 3791 563 3850; x_wconf 82' lang='lat' dir='ltr'>vel</span> <span class='ocrx_word' id='word_1_252' title='bbox 580 3790 913 3862; x_wconf 75' lang='lat' dir='ltr'>obturato-orbiculatis,</span> <span class='ocrx_word' id='word_1_253' title='bbox 940 3794 1048 3868; x_wconf 81' lang='lat' dir='ltr'>apicem</span> <span class='ocrx_word' id='word_1_254' title='bbox 1066 3815 1165 3852; x_wconf 84' lang='lat' dir='ltr'>versus</span> <span class='ocrx_word' id='word_1_255' title='bbox 1190 3797 1329 3870; x_wconf 81' lang='lat' dir='ltr'>utrinque</span> 
     </span>
     <span class='ocr_line' id='line_1_34' title="bbox 278 3890 1330 3968; baseline 0.002 -20"><span class='ocrx_word' id='word_1_256' title='bbox 278 3891 431 3954; x_wconf 83' lang='lat' dir='ltr'>denticulis</span> <span class='ocrx_word' id='word_1_257' title='bbox 455 3890 566 3948; x_wconf 88' lang='lat' dir='ltr'>dnobus</span> <span class='ocrx_word' id='word_1_258' title='bbox 590 3892 634 3947; x_wconf 74' lang='lat' dir='ltr'>vel</span> <span class='ocrx_word' id='word_1_259' title='bbox 658 3891 751 3948; x_wconf 87' lang='lat' dir='ltr'>tribus</span> <span class='ocrx_word' id='word_1_260' title='bbox 774 3893 939 3964; x_wconf 88' lang='lat' dir='ltr'>instructis,</span> <span class='ocrx_word' id='word_1_261' title='bbox 963 3905 1103 3950; x_wconf 83' lang='lat' dir='ltr'>caeterum</span> <span class='ocrx_word' id='word_1_262' title='bbox 1120 3897 1330 3968; x_wconf 63' lang='lat' dir='ltr'>integerrimus</span> 
     </span>
     <span class='ocr_line' id='line_1_35' title="bbox 278 3987 1330 4069; baseline -0.004 -17"><span class='ocrx_word' id='word_1_263' title='bbox 278 3987 472 4067; x_wconf 72' lang='lat' dir='ltr'>superioribus</span> <span class='ocrx_word' id='word_1_264' title='bbox 489 4003 539 4054; x_wconf 79' lang='lat' dir='ltr'>ent</span> <span class='ocrx_word' id='word_1_265' title='bbox 556 3993 678 4064; x_wconf 81' lang='lat' dir='ltr'>ejusdem</span> <span class='ocrx_word' id='word_1_266' title='bbox 694 3992 809 4059; x_wconf 74' lang='lat' dir='ltr'>immas,</span> <span class='ocrx_word' id='word_1_267' title='bbox 826 4004 875 4050; x_wconf 85' lang='lat' dir='ltr'>aut</span> <span class='ocrx_word' id='word_1_268' title='bbox 889 3993 1089 4069; x_wconf 80' lang='lat' dir='ltr'>lato-cilipticis</span> <span class='ocrx_word' id='word_1_269' title='bbox 1101 4008 1128 4052; x_wconf 90' lang='lat' dir='ltr'>et</span> <span class='ocrx_word' id='word_1_270' title='bbox 1140 4006 1209 4052; x_wconf 90' lang='lat' dir='ltr'>tunc</span> <span class='ocrx_word' id='word_1_271' title='bbox 1222 4013 1255 4051; x_wconf 82' lang='lat' dir='ltr'>ex</span> <span class='ocrx_word' id='word_1_272' title='bbox 1268 4005 1330 4050; x_wconf 91' lang='lat' dir='ltr'>toto</span> 
     </span>
     <span class='ocr_line' id='line_1_36' title="bbox 279 4083 1367 4176; baseline -0.001 -27"><span class='ocrx_word' id='word_1_273' title='bbox 279 4083 483 4164; x_wconf 66' lang='lat' dir='ltr'>integerrimus</span> <span class='ocrx_word' id='word_1_274' title='bbox 505 4093 586 4152; x_wconf 84' lang='lat' dir='ltr'>ceule</span> <span class='ocrx_word' id='word_1_275' title='bbox 608 4095 733 4172; x_wconf 83' lang='lat' dir='ltr'>undique</span> <span class='ocrx_word' id='word_1_276' title='bbox 757 4094 826 4170; x_wconf 77' lang='lat' dir='ltr'>pitis</span> <span class='ocrx_word' id='word_1_277' title='bbox 843 4095 976 4151; x_wconf 80' lang='lat' dir='ltr'>brevibus</span> <span class='ocrx_word' id='word_1_278' title='bbox 993 4097 1094 4153; x_wconf 80' lang='lat' dir='ltr'>albidis</span> <span class='ocrx_word' id='word_1_279' title='bbox 1110 4097 1224 4170; x_wconf 71' lang='lat' dir='ltr'>dellgxis</span> <span class='ocrx_word' id='word_1_280' title='bbox 1242 4095 1330 4149; x_wconf 90' lang='lat' dir='ltr'>dense</span> <span class='ocrx_word' id='word_1_281' title='bbox 1366 4169 1367 4176; x_wconf 8' lang='grc' dir='ltr'>ἵ</span> 
     </span>
     <span class='ocr_line' id='line_1_37' title="bbox 281 4192 1367 4276; baseline -0.003 -25"><span class='ocrx_word' id='word_1_282' title='bbox 281 4194 411 4262; x_wconf 71' lang='lat' dir='ltr'>obtentui</span> <span class='ocrx_word' id='word_1_283' title='bbox 435 4192 577 4276; x_wconf 71' lang='lat' dir='ltr'>calpcibut</span> <span class='ocrx_word' id='word_1_284' title='bbox 593 4197 698 4257; x_wconf 81' lang='lat' dir='ltr'>sitietis</span> <span class='ocrx_word' id='word_1_285' title='bbox 724 4195 1062 4272; x_wconf 74' lang='lat' dir='ltr'>inmun-pubescentibus</span> <span class='ocrx_word' id='word_1_286' title='bbox 1081 4207 1108 4256; x_wconf 86' lang='lat' dir='ltr'>et</span> <span class='ocrx_word' id='word_1_287' title='bbox 1126 4199 1244 4272; x_wconf 85' lang='lat' dir='ltr'>insuper</span> <span class='ocrx_word' id='word_1_288' title='bbox 1262 4197 1329 4269; x_wconf 84' lang='lat' dir='ltr'>pilis</span> <span class='ocrx_word' id='word_1_289' title='bbox 1366 4199 1367 4202; x_wconf 76' lang='grc'>’</span> 
     </span>
    </p>
   </div>
   <div class='ocr_carea' id='block_1_6' title="bbox 279 4291 1110 4428">
    <p class='ocr_par' dir='ltr' id='par_1_18' title="bbox 279 4291 1110 4428">
     <span class='ocr_line' id='line_1_38' title="bbox 279 4291 1110 4428; baseline -0.006 -72"><span class='ocrx_word' id='word_1_290' title='bbox 279 4291 465 4374; x_wconf 67' lang='lat' dir='ltr'>longiusculi·</span> <span class='ocrx_word' id='word_1_291' title='bbox 483 4296 767 4378; x_wconf 57' lang='lat' dir='ltr'>incompetentibus</span> <span class='ocrx_word' id='word_1_292' title='bbox 783 4297 967 4376; x_wconf 77' lang='lat' dir='ltr'>subbisptctis.</span> <span class='ocrx_word' id='word_1_293' title='bbox 1082 4366 1110 4428; x_wconf 65' lang='lat' dir='ltr'><em>L</em></span> 
     </span>
    </p>
   </div>
   <div class='ocr_carea' id='block_1_7' title="bbox 0 0 1402 4838">
    <p class='ocr_par' dir='ltr' id='par_1_19' title="bbox 0 0 1402 4838">
     <span class='ocr_line' id='line_1_39' title="bbox 0 0 1402 4838; baseline 0 0"><span class='ocrx_word' id='word_1_294' title='bbox 0 0 1402 4838; x_wconf 95' lang='lat' dir='ltr'> </span> 
     </span>
    </p>
   </div>
  </div>
 </body>
</html>
