<?xml version="1.0" encoding="UTF-8"?>
<!DOCTYPE html PUBLIC "-//W3C//DTD XHTML 1.0 Transitional//EN"
    "http://www.w3.org/TR/xhtml1/DTD/xhtml1-transitional.dtd">
<html xmlns="http://www.w3.org/1999/xhtml" xml:lang="en" lang="en">
 <head>
  <title>
</title>
<meta http-equiv="Content-Type" content="text/html;charset=utf-8" />
  <meta name='ocr-system' content='tesseract 3.04.00' />
  <meta name='ocr-capabilities' content='ocr_page ocr_carea ocr_par ocr_line ocrx_word'/>
</head>
<body>
  <div class='ocr_page' id='page_1' title='image "./floraaltaica03meyegoog_0368.png"; bbox 0 0 2760 4828; ppageno 0'>
   <div class='ocr_carea' id='block_1_1' title="bbox 332 221 1229 319">
    <p class='ocr_par' dir='ltr' id='par_1_1' title="bbox 332 221 1229 319">
     <span class='ocr_line' id='line_1_1' title="bbox 332 221 1229 319; baseline -0.012 -10"><span class='ocrx_word' id='word_1_1' title='bbox 332 229 336 240; x_wconf 87' lang='grc'><strong>’</strong></span> <span class='ocrx_word' id='word_1_2' title='bbox 390 226 449 308; x_wconf 86' lang='lat' dir='ltr'><strong>Cl.</strong></span> <span class='ocrx_word' id='word_1_3' title='bbox 476 229 525 307; x_wconf 89' lang='lat' dir='ltr'><strong>V·</strong></span> <span class='ocrx_word' id='word_1_4' title='bbox 576 226 816 308; x_wconf 85' lang='lat' dir='ltr'><strong>Pentandria.</strong></span> <span class='ocrx_word' id='word_1_5' title='bbox 1086 221 1161 300; x_wconf 79' lang='lat'><strong>365</strong></span> <span class='ocrx_word' id='word_1_6' title='bbox 1188 300 1191 319; x_wconf 68' lang='grc'>,</span> <span class='ocrx_word' id='word_1_7' title='bbox 1226 221 1229 230; x_wconf 80' lang='lat'>&#39;</span> 
     </span>
    </p>
   </div>
   <div class='ocr_carea' id='block_1_2' title="bbox 39 411 1230 1660">
    <p class='ocr_par' dir='ltr' id='par_1_2' title="bbox 65 411 1194 858">
     <span class='ocr_line' id='line_1_2' title="bbox 65 411 1161 504; baseline -0.009 -19"><span class='ocrx_word' id='word_1_8' title='bbox 65 421 156 486; x_wconf 86' lang='lat' dir='ltr'><strong>Hab.</strong></span> <span class='ocrx_word' id='word_1_9' title='bbox 176 419 215 485; x_wconf 89' lang='lat' dir='ltr'><strong>in</strong></span> <span class='ocrx_word' id='word_1_10' title='bbox 244 411 377 483; x_wconf 85' lang='lat' dir='ltr'><strong>collibus</strong></span> <span class='ocrx_word' id='word_1_11' title='bbox 407 418 520 504; x_wconf 76' lang='lat' dir='ltr'><strong>apricis</strong></span> <span class='ocrx_word' id='word_1_12' title='bbox 550 426 582 482; x_wconf 90' lang='lat' dir='ltr'><strong>et</strong></span> <span class='ocrx_word' id='word_1_13' title='bbox 612 414 811 503; x_wconf 87' lang='lat' dir='ltr'><strong>mpsstribus</strong></span> <span class='ocrx_word' id='word_1_14' title='bbox 839 411 958 478; x_wconf 89' lang='lat' dir='ltr'><strong>deserti</strong></span> <span class='ocrx_word' id='word_1_15' title='bbox 984 431 1161 494; x_wconf 82' lang='lat' dir='ltr'><strong>soongoro-</strong></span> 
     </span>
     <span class='ocr_line' id='line_1_3' title="bbox 113 529 1161 618; baseline -0.006 -18"><span class='ocrx_word' id='word_1_16' title='bbox 113 533 281 618; x_wconf 79' lang='lat' dir='ltr'><strong>kirgbisici</strong></span> <span class='ocrx_word' id='word_1_17' title='bbox 302 554 344 598; x_wconf 85' lang='lat' dir='ltr'><strong>ex</strong></span> <span class='ocrx_word' id='word_1_18' title='bbox 373 532 509 599; x_wconf 86' lang='lat' dir='ltr'><strong>adverso</strong></span> <span class='ocrx_word' id='word_1_19' title='bbox 537 531 683 598; x_wconf 82' lang='lat' dir='ltr'><strong>fortalitii</strong></span> <span class='ocrx_word' id='word_1_20' title='bbox 702 529 1000 612; x_wconf 84' lang='lat' dir='ltr'><strong>Ustkemenogorsk</strong></span> <span class='ocrx_word' id='word_1_21' title='bbox 1027 542 1061 594; x_wconf 88' lang='lat' dir='ltr'><strong>et</strong></span> <span class='ocrx_word' id='word_1_22' title='bbox 1086 533 1161 594; x_wconf 89' lang='lat' dir='ltr'><strong>alibi</strong></span> 
     </span>
     <span class='ocr_line' id='line_1_4' title="bbox 112 637 1186 735; baseline -0.001 -22"><span class='ocrx_word' id='word_1_23' title='bbox 112 647 206 735; x_wconf 83' lang='lat' dir='ltr'><strong>(L.);</strong></span> <span class='ocrx_word' id='word_1_24' title='bbox 223 649 306 713; x_wconf 87' lang='lat' dir='ltr'><strong>inter</strong></span> <span class='ocrx_word' id='word_1_25' title='bbox 325 647 515 714; x_wconf 85' lang='lat' dir='ltr'><strong>fortalitium</strong></span> <span class='ocrx_word' id='word_1_26' title='bbox 529 647 778 712; x_wconf 84' lang='lat' dir='ltr'><strong>Buchtorminsk</strong></span> <span class='ocrx_word' id='word_1_27' title='bbox 797 657 831 713; x_wconf 87' lang='lat' dir='ltr'><strong>et</strong></span> <span class='ocrx_word' id='word_1_28' title='bbox 847 649 964 728; x_wconf 90' lang='lat' dir='ltr'><strong>lacum,</strong></span> <span class='ocrx_word' id='word_1_29' title='bbox 988 647 1043 734; x_wconf 89' lang='lat' dir='ltr'><strong>qui</strong></span> <span class='ocrx_word' id='word_1_30' title='bbox 1054 645 1161 714; x_wconf 89' lang='lat' dir='ltr'><strong>Noor·</strong></span> <span class='ocrx_word' id='word_1_31' title='bbox 1180 637 1186 646; x_wconf 67' lang='grc'><strong>’</strong></span> 
     </span>
     <span class='ocr_line' id='line_1_5' title="bbox 113 760 1194 858; baseline 0.005 -29"><span class='ocrx_word' id='word_1_32' title='bbox 113 763 232 830; x_wconf 89' lang='lat' dir='ltr'><strong>Saisan</strong></span> <span class='ocrx_word' id='word_1_33' title='bbox 251 775 384 830; x_wconf 87' lang='lat' dir='ltr'><strong>vocatur</strong></span> <span class='ocrx_word' id='word_1_34' title='bbox 405 760 560 858; x_wconf 56' lang='lat' dir='ltr'><strong>mim·</strong></span> <span class='ocrx_word' id='word_1_35' title='bbox 583 763 661 845; x_wconf 80' lang='lat' dir='ltr'><strong>Mai.</strong></span> <span class='ocrx_word' id='word_1_36' title='bbox 689 769 739 834; x_wconf 78' lang='lat' dir='ltr'><strong>²l·</strong></span> <span class='ocrx_word' id='word_1_37' title='bbox 1191 824 1194 838; x_wconf 91' lang='grc'>,</span> 
     </span>
    </p>

    <p class='ocr_par' dir='ltr' id='par_1_3' title="bbox 39 874 1230 1660">
     <span class='ocr_line' id='line_1_6' title="bbox 133 874 1224 968; baseline -0.005 -23"><span class='ocrx_word' id='word_1_38' title='bbox 133 878 269 945; x_wconf 80' lang='lat' dir='ltr'>Radix</span> <span class='ocrx_word' id='word_1_39' title='bbox 289 882 485 962; x_wconf 84' lang='lat' dir='ltr'><strong>sublignosa,</strong></span> <span class='ocrx_word' id='word_1_40' title='bbox 507 890 671 968; x_wconf 90' lang='lat' dir='ltr'><strong>stupposa,</strong></span> <span class='ocrx_word' id='word_1_41' title='bbox 688 877 844 942; x_wconf 82' lang='lat' dir='ltr'><strong>diametro</strong></span> <span class='ocrx_word' id='word_1_42' title='bbox 858 876 1036 942; x_wconf 85' lang='lat' dir='ltr'><strong>9-lineari.</strong></span> <span class='ocrx_word' id='word_1_43' title='bbox 1064 874 1160 942; x_wconf 85' lang='lat' dir='ltr'><strong>Gau·</strong></span> <span class='ocrx_word' id='word_1_44' title='bbox 1222 945 1224 950; x_wconf 65' lang='grc'>,</span> 
     </span>
     <span class='ocr_line' id='line_1_7' title="bbox 39 992 1160 1084; baseline 0.002 -27"><span class='ocrx_word' id='word_1_45' title='bbox 39 998 115 1060; x_wconf 89' lang='lat' dir='ltr'><strong>les</strong></span> <span class='ocrx_word' id='word_1_46' title='bbox 140 998 329 1084; x_wconf 86' lang='lat' dir='ltr'><strong>plerumque</strong></span> <span class='ocrx_word' id='word_1_47' title='bbox 349 997 458 1084; x_wconf 82' lang='lat' dir='ltr'><strong>plures</strong></span> <span class='ocrx_word' id='word_1_48' title='bbox 479 1015 523 1057; x_wconf 87' lang='lat' dir='ltr'><strong>ex</strong></span> <span class='ocrx_word' id='word_1_49' title='bbox 543 1014 607 1056; x_wconf 87' lang='lat' dir='ltr'><strong>una</strong></span> <span class='ocrx_word' id='word_1_50' title='bbox 626 992 742 1074; x_wconf 80' lang='lat' dir='ltr'><strong>radice,</strong></span> <span class='ocrx_word' id='word_1_51' title='bbox 764 993 893 1082; x_wconf 78' lang='lat' dir='ltr'>pedales</span> <span class='ocrx_word' id='word_1_52' title='bbox 910 995 965 1058; x_wconf 90' lang='lat' dir='ltr'><strong>vel</strong></span> <span class='ocrx_word' id='word_1_53' title='bbox 986 993 1160 1080; x_wconf 79' lang='lat' dir='ltr'>bipedales,</span> 
     </span>
     <span class='ocr_line' id='line_1_8' title="bbox 41 1109 1230 1197; baseline 0.003 -23"><span class='ocrx_word' id='word_1_54' title='bbox 41 1111 156 1194; x_wconf 87' lang='lat' dir='ltr'><strong>erecti,</strong></span> <span class='ocrx_word' id='word_1_55' title='bbox 178 1111 439 1192; x_wconf 88' lang='lat' dir='ltr'><strong>striato-sulcati,</strong></span> <span class='ocrx_word' id='word_1_56' title='bbox 459 1111 676 1197; x_wconf 76' lang='lat' dir='ltr'>pubescentes,</span> <span class='ocrx_word' id='word_1_57' title='bbox 698 1111 824 1174; x_wconf 76' lang='lat' dir='ltr'><strong>interne</strong></span> <span class='ocrx_word' id='word_1_58' title='bbox 840 1109 1008 1196; x_wconf 82' lang='lat' dir='ltr'><strong>simplices,</strong></span> <span class='ocrx_word' id='word_1_59' title='bbox 1024 1131 1161 1197; x_wconf 83' lang='lat' dir='ltr'><strong>superne</strong></span> <span class='ocrx_word' id='word_1_60' title='bbox 1221 1161 1230 1178; x_wconf 81' lang='lat'>.</span> 
     </span>
     <span class='ocr_line' id='line_1_9' title="bbox 41 1223 1161 1312; baseline 0.002 -24"><span class='ocrx_word' id='word_1_61' title='bbox 41 1225 186 1290; x_wconf 80' lang='lat' dir='ltr'><strong>ramosi:</strong></span> <span class='ocrx_word' id='word_1_62' title='bbox 218 1248 335 1298; x_wconf 82' lang='lat' dir='ltr'><strong>ramo</strong></span> <span class='ocrx_word' id='word_1_63' title='bbox 363 1226 510 1307; x_wconf 60' lang='lat' dir='ltr'><strong>interiori</strong></span> <span class='ocrx_word' id='word_1_64' title='bbox 538 1227 728 1312; x_wconf 84' lang='lat' dir='ltr'><strong>plerumque</strong></span> <span class='ocrx_word' id='word_1_65' title='bbox 755 1223 916 1308; x_wconf 87' lang='lat' dir='ltr'><strong>solitarie;</strong></span> <span class='ocrx_word' id='word_1_66' title='bbox 947 1230 1161 1310; x_wconf 78' lang='lat' dir='ltr'><strong>superioribus</strong></span> 
     </span>
     <span class='ocr_line' id='line_1_10' title="bbox 43 1337 1214 1430; baseline 0.001 -26"><span class='ocrx_word' id='word_1_67' title='bbox 43 1341 205 1430; x_wconf 85' lang='lat' dir='ltr'><strong>oppositis</strong></span> <span class='ocrx_word' id='word_1_68' title='bbox 215 1343 378 1423; x_wconf 73' lang='lat' dir='ltr'><strong>ternisve,</strong></span> <span class='ocrx_word' id='word_1_69' title='bbox 401 1343 526 1424; x_wconf 84' lang='lat' dir='ltr'><strong>singulo</strong></span> <span class='ocrx_word' id='word_1_70' title='bbox 544 1363 585 1406; x_wconf 83' lang='lat' dir='ltr'><strong>ex</strong></span> <span class='ocrx_word' id='word_1_71' title='bbox 600 1343 700 1404; x_wconf 83' lang='lat' dir='ltr'><strong>axilla</strong></span> <span class='ocrx_word' id='word_1_72' title='bbox 716 1339 786 1406; x_wconf 82' lang='lat' dir='ltr'><strong>lolii</strong></span> <span class='ocrx_word' id='word_1_73' title='bbox 803 1337 858 1406; x_wconf 81' lang='lat' dir='ltr'><strong>vel</strong></span> <span class='ocrx_word' id='word_1_74' title='bbox 874 1340 1050 1406; x_wconf 80' lang='lat' dir='ltr'><strong>rudimenti</strong></span> <span class='ocrx_word' id='word_1_75' title='bbox 1065 1342 1160 1405; x_wconf 85' lang='lat' dir='ltr'><strong>solia·</strong></span> <span class='ocrx_word' id='word_1_76' title='bbox 1211 1381 1214 1388; x_wconf 86' lang='lat'><strong>·</strong></span> 
     </span>
     <span class='ocr_line' id='line_1_11' title="bbox 43 1454 1158 1544; baseline 0.002 -26"><span class='ocrx_word' id='word_1_77' title='bbox 43 1459 222 1522; x_wconf 84' lang='lat' dir='ltr'><strong>caisneto.</strong></span> <span class='ocrx_word' id='word_1_78' title='bbox 253 1456 369 1522; x_wconf 89' lang='lat' dir='ltr'><strong>Folia</strong></span> <span class='ocrx_word' id='word_1_79' title='bbox 391 1461 551 1521; x_wconf 84' lang='lat' dir='ltr'><strong>radicalia</strong></span> <span class='ocrx_word' id='word_1_80' title='bbox 568 1458 668 1543; x_wconf 89' lang='lat' dir='ltr'><strong>plura,</strong></span> <span class='ocrx_word' id='word_1_81' title='bbox 692 1456 900 1544; x_wconf 89' lang='lat' dir='ltr'><strong>amplissima,</strong></span> <span class='ocrx_word' id='word_1_82' title='bbox 922 1454 1039 1542; x_wconf 89' lang='lat' dir='ltr'><strong>pedem</strong></span> <span class='ocrx_word' id='word_1_83' title='bbox 1053 1457 1158 1540; x_wconf 82' lang='lat' dir='ltr'><strong>longa,</strong></span> 
     </span>
     <span class='ocr_line' id='line_1_12' title="bbox 42 1570 1161 1660; baseline 0.004 -26"><span class='ocrx_word' id='word_1_84' title='bbox 42 1575 131 1637; x_wconf 86' lang='lat' dir='ltr'><strong>ultra</strong></span> <span class='ocrx_word' id='word_1_85' title='bbox 144 1572 261 1660; x_wconf 88' lang='lat' dir='ltr'><strong>pedem</strong></span> <span class='ocrx_word' id='word_1_86' title='bbox 273 1573 347 1652; x_wconf 87' lang='lat' dir='ltr'><strong>lata,</strong></span> <span class='ocrx_word' id='word_1_87' title='bbox 361 1575 487 1658; x_wconf 81' lang='lat' dir='ltr'><strong>petiole</strong></span> <span class='ocrx_word' id='word_1_88' title='bbox 496 1571 683 1636; x_wconf 86' lang='lat' dir='ltr'><strong>brevissimo</strong></span> <span class='ocrx_word' id='word_1_89' title='bbox 697 1570 828 1636; x_wconf 90' lang='lat' dir='ltr'><strong>dilatato</strong></span> <span class='ocrx_word' id='word_1_90' title='bbox 840 1573 894 1637; x_wconf 90' lang='lat' dir='ltr'><strong>vel</strong></span> <span class='ocrx_word' id='word_1_91' title='bbox 905 1572 1011 1660; x_wconf 88' lang='lat' dir='ltr'><strong>potius</strong></span> <span class='ocrx_word' id='word_1_92' title='bbox 1025 1580 1161 1654; x_wconf 71' lang='lat' dir='ltr'><strong>vagime</strong></span> 
     </span>
    </p>
   </div>
   <div class='ocr_carea' id='block_1_3' title="bbox 36 1686 1188 2368">
    <p class='ocr_par' dir='ltr' id='par_1_4' title="bbox 36 1686 1188 2368">
     <span class='ocr_line' id='line_1_13' title="bbox 43 1686 1157 1774; baseline 0.004 -26"><span class='ocrx_word' id='word_1_93' title='bbox 43 1707 173 1752; x_wconf 87' lang='lat' dir='ltr'><strong>crassae</strong></span> <span class='ocrx_word' id='word_1_94' title='bbox 193 1709 349 1754; x_wconf 88' lang='lat' dir='ltr'><strong>nervosae</strong></span> <span class='ocrx_word' id='word_1_95' title='bbox 371 1687 468 1754; x_wconf 88' lang='lat' dir='ltr'><strong>caulis</strong></span> <span class='ocrx_word' id='word_1_96' title='bbox 489 1689 580 1751; x_wconf 90' lang='lat' dir='ltr'><strong>basin</strong></span> <span class='ocrx_word' id='word_1_97' title='bbox 597 1686 801 1774; x_wconf 81' lang='lat' dir='ltr'><strong>amplectenti</strong></span> <span class='ocrx_word' id='word_1_98' title='bbox 816 1687 998 1768; x_wconf 85' lang='lat' dir='ltr'><strong>insidentia,</strong></span> <span class='ocrx_word' id='word_1_99' title='bbox 1018 1700 1157 1753; x_wconf 85' lang='lat' dir='ltr'><strong>ternata:</strong></span> 
     </span>
     <span class='ocr_line' id='line_1_14' title="bbox 36 1801 1159 1896; baseline 0.004 -28"><span class='ocrx_word' id='word_1_100' title='bbox 36 1807 168 1886; x_wconf 84' lang='lat' dir='ltr'><strong>foliolis</strong></span> <span class='ocrx_word' id='word_1_101' title='bbox 188 1805 283 1884; x_wconf 81' lang='lat' dir='ltr'><strong>longe</strong></span> <span class='ocrx_word' id='word_1_102' title='bbox 299 1801 523 1896; x_wconf 78' lang='lat' dir='ltr'><strong>petiolatis2·</strong></span> <span class='ocrx_word' id='word_1_103' title='bbox 539 1804 592 1869; x_wconf 87' lang='lat' dir='ltr'><strong>vel</strong></span> <span class='ocrx_word' id='word_1_104' title='bbox 608 1802 824 1890; x_wconf 89' lang='lat' dir='ltr'><strong>3-pinnatis:</strong></span> <span class='ocrx_word' id='word_1_105' title='bbox 845 1810 987 1889; x_wconf 82' lang='lat' dir='ltr'><strong>pinnulis</strong></span> <span class='ocrx_word' id='word_1_106' title='bbox 1005 1806 1159 1892; x_wconf 90' lang='lat' dir='ltr'><strong>oppositis</strong></span> 
     </span>
     <span class='ocr_line' id='line_1_15' title="bbox 44 1897 1157 2006; baseline 0.002 -22"><span class='ocrx_word' id='word_1_107' title='bbox 44 1897 229 1998; x_wconf 82' lang='lat' dir='ltr'><strong>alternisve,</strong></span> <span class='ocrx_word' id='word_1_108' title='bbox 239 1916 287 1982; x_wconf 86' lang='lat'><strong>3-</strong></span> <span class='ocrx_word' id='word_1_109' title='bbox 299 1919 353 1982; x_wconf 91' lang='lat' dir='ltr'><strong>vel</strong></span> <span class='ocrx_word' id='word_1_110' title='bbox 364 1918 603 2004; x_wconf 87' lang='lat' dir='ltr'><strong>palmatisectis:</strong></span> <span class='ocrx_word' id='word_1_111' title='bbox 622 1918 795 2000; x_wconf 82' lang='lat' dir='ltr'><strong>segmentis</strong></span> <span class='ocrx_word' id='word_1_112' title='bbox 804 1917 935 2003; x_wconf 84' lang='lat' dir='ltr'><strong>integris</strong></span> <span class='ocrx_word' id='word_1_113' title='bbox 946 1920 1157 2006; x_wconf 88' lang='lat' dir='ltr'><strong>tripartitisve,</strong></span> 
     </span>
     <span class='ocr_line' id='line_1_16' title="bbox 43 2015 1159 2118; baseline 0.003 -18"><span class='ocrx_word' id='word_1_114' title='bbox 43 2035 173 2100; x_wconf 88' lang='lat' dir='ltr'><strong>laciniis</strong></span> <span class='ocrx_word' id='word_1_115' title='bbox 193 2035 365 2098; x_wconf 82' lang='lat' dir='ltr'><strong>linearibus</strong></span> <span class='ocrx_word' id='word_1_116' title='bbox 387 2034 575 2115; x_wconf 85' lang='lat' dir='ltr'><strong>oblongisve</strong></span> <span class='ocrx_word' id='word_1_117' title='bbox 593 2015 714 2116; x_wconf 87' lang='lat' dir='ltr'><strong>acutis,</strong></span> <span class='ocrx_word' id='word_1_118' title='bbox 727 2036 861 2118; x_wconf 82' lang='lat' dir='ltr'><strong>glabris;</strong></span> <span class='ocrx_word' id='word_1_119' title='bbox 883 2036 996 2118; x_wconf 82' lang='lat' dir='ltr'><strong>vagina</strong></span> <span class='ocrx_word' id='word_1_120' title='bbox 1020 2047 1051 2100; x_wconf 90' lang='lat' dir='ltr'><strong>et</strong></span> <span class='ocrx_word' id='word_1_121' title='bbox 1069 2041 1159 2103; x_wconf 87' lang='lat' dir='ltr'><strong>rachi</strong></span> 
     </span>
     <span class='ocr_line' id='line_1_17' title="bbox 45 2145 1158 2240; baseline 0.004 -25"><span class='ocrx_word' id='word_1_122' title='bbox 45 2153 155 2240; x_wconf 89' lang='lat' dir='ltr'><strong>primo</strong></span> <span class='ocrx_word' id='word_1_123' title='bbox 177 2150 405 2236; x_wconf 88' lang='lat' dir='ltr'><strong>subpuberulis,</strong></span> <span class='ocrx_word' id='word_1_124' title='bbox 428 2147 560 2214; x_wconf 89' lang='lat' dir='ltr'><strong>demum</strong></span> <span class='ocrx_word' id='word_1_125' title='bbox 571 2151 729 2233; x_wconf 85' lang='lat' dir='ltr'><strong>glabratis.</strong></span> <span class='ocrx_word' id='word_1_126' title='bbox 771 2149 888 2216; x_wconf 86' lang='lat' dir='ltr'><strong>Folia</strong></span> <span class='ocrx_word' id='word_1_127' title='bbox 909 2159 1035 2218; x_wconf 74' lang='lat' dir='ltr'><strong>cacelina</strong></span> <span class='ocrx_word' id='word_1_128' title='bbox 1055 2145 1158 2219; x_wconf 82' lang='lat' dir='ltr'><strong>multd</strong></span> 
     </span>
     <span class='ocr_line' id='line_1_18' title="bbox 43 2263 1188 2368; baseline 0.001 -35"><span class='ocrx_word' id='word_1_129' title='bbox 43 2272 174 2334; x_wconf 88' lang='lat' dir='ltr'><strong>minora</strong></span> <span class='ocrx_word' id='word_1_130' title='bbox 193 2277 226 2330; x_wconf 85' lang='lat' dir='ltr'><strong>at</strong></span> <span class='ocrx_word' id='word_1_131' title='bbox 242 2263 445 2352; x_wconf 85' lang='lat' dir='ltr'><strong>simpliciora,</strong></span> <span class='ocrx_word' id='word_1_132' title='bbox 467 2287 616 2352; x_wconf 86' lang='lat' dir='ltr'><strong>supremo</strong></span> <span class='ocrx_word' id='word_1_133' title='bbox 633 2269 767 2332; x_wconf 89' lang='lat' dir='ltr'><strong>minima</strong></span> <span class='ocrx_word' id='word_1_134' title='bbox 781 2269 835 2333; x_wconf 89' lang='lat' dir='ltr'><strong>vel</strong></span> <span class='ocrx_word' id='word_1_135' title='bbox 854 2285 972 2332; x_wconf 87' lang='lat' dir='ltr'><strong>eoram.</strong></span> <span class='ocrx_word' id='word_1_136' title='bbox 985 2269 1056 2332; x_wconf 91' lang='lat' dir='ltr'><strong>loco</strong></span> <span class='ocrx_word' id='word_1_137' title='bbox 1071 2269 1159 2334; x_wconf 88' lang='lat' dir='ltr'><strong>rudi·</strong></span> <span class='ocrx_word' id='word_1_138' title='bbox 1185 2359 1188 2368; x_wconf 22' lang='grc' dir='ltr'>ἱ</span> 
     </span>
    </p>
   </div>
   <div class='ocr_carea' id='block_1_4' title="bbox 40 2373 1165 3512">
    <p class='ocr_par' dir='ltr' id='par_1_5' title="bbox 40 2373 1165 3512">
     <span class='ocr_line' id='line_1_19' title="bbox 45 2373 1165 2470; baseline 0 -21"><span class='ocrx_word' id='word_1_139' title='bbox 45 2373 160 2457; x_wconf 77' lang='lat' dir='ltr'><strong>menta</strong></span> <span class='ocrx_word' id='word_1_140' title='bbox 178 2381 321 2446; x_wconf 82' lang='lat' dir='ltr'><strong>foliacea.</strong></span> <span class='ocrx_word' id='word_1_141' title='bbox 366 2379 583 2448; x_wconf 88' lang='lat' dir='ltr'><strong>Umbellae</strong></span> <span class='ocrx_word' id='word_1_142' title='bbox 610 2383 644 2446; x_wconf 91' lang='lat' dir='ltr'><strong>in</strong></span> <span class='ocrx_word' id='word_1_143' title='bbox 666 2387 755 2447; x_wconf 89' lang='lat' dir='ltr'><strong>caule</strong></span> <span class='ocrx_word' id='word_1_144' title='bbox 775 2384 935 2470; x_wconf 89' lang='lat' dir='ltr'><strong>ramisque</strong></span> <span class='ocrx_word' id='word_1_145' title='bbox 956 2385 1165 2468; x_wconf 58' lang='lat' dir='ltr'><strong>terminales,</strong></span> 
     </span>
     <span class='ocr_line' id='line_1_20' title="bbox 43 2493 1157 2596; baseline 0 -31"><span class='ocrx_word' id='word_1_146' title='bbox 43 2501 269 2588; x_wconf 69' lang='lat' dir='ltr'><strong>primordialis·</strong></span> <span class='ocrx_word' id='word_1_147' title='bbox 293 2496 421 2573; x_wconf 84' lang='lat' dir='ltr'><strong>brevius</strong></span> <span class='ocrx_word' id='word_1_148' title='bbox 442 2493 665 2596; x_wconf 60' lang='lat' dir='ltr'><strong>pedunculata.</strong></span> <span class='ocrx_word' id='word_1_149' title='bbox 709 2496 828 2563; x_wconf 87' lang='lat' dir='ltr'><strong>Radii</strong></span> <span class='ocrx_word' id='word_1_150' title='bbox 856 2497 1001 2580; x_wconf 81' lang='lat'><strong>5—10,</strong></span> <span class='ocrx_word' id='word_1_151' title='bbox 1030 2501 1157 2588; x_wconf 88' lang='lat' dir='ltr'><strong>saepius</strong></span> 
     </span>
     <span class='ocr_line' id='line_1_21' title="bbox 43 2611 1158 2702; baseline -0.002 -20"><span class='ocrx_word' id='word_1_152' title='bbox 43 2617 77 2700; x_wconf 88' lang='grc'><strong>8,</strong></span> <span class='ocrx_word' id='word_1_153' title='bbox 102 2612 307 2696; x_wconf 86' lang='lat' dir='ltr'><strong>longitudine</strong></span> <span class='ocrx_word' id='word_1_154' title='bbox 328 2616 554 2700; x_wconf 87' lang='lat' dir='ltr'><strong>subaequales,</strong></span> <span class='ocrx_word' id='word_1_155' title='bbox 584 2615 857 2702; x_wconf 87' lang='lat' dir='ltr'><strong>sesquipollicares</strong></span> <span class='ocrx_word' id='word_1_156' title='bbox 878 2617 931 2678; x_wconf 92' lang='lat' dir='ltr'><strong>vel</strong></span> <span class='ocrx_word' id='word_1_157' title='bbox 951 2611 1063 2701; x_wconf 84' lang='lat' dir='ltr'><strong>pa&#39;rum</strong></span> <span class='ocrx_word' id='word_1_158' title='bbox 1084 2618 1158 2682; x_wconf 89' lang='lat' dir='ltr'><strong>lon-</strong></span> 
     </span>
     <span class='ocr_line' id='line_1_22' title="bbox 43 2721 1157 2818; baseline -0.003 -20"><span class='ocrx_word' id='word_1_159' title='bbox 43 2737 164 2818; x_wconf 84' lang='lat' dir='ltr'><strong>giores,</strong></span> <span class='ocrx_word' id='word_1_160' title='bbox 186 2729 469 2815; x_wconf 78' lang='lat' dir='ltr'><strong>subpubescentes.</strong></span> <span class='ocrx_word' id='word_1_161' title='bbox 501 2727 520 2793; x_wconf 98' lang='lat' dir='ltr'>I</span> <span class='ocrx_word' id='word_1_162' title='bbox 527 2732 769 2797; x_wconf 87' lang='lat' dir='ltr'><strong>nvolucrum</strong></span> <span class='ocrx_word' id='word_1_163' title='bbox 789 2721 1030 2818; x_wconf 85' lang='lat' dir='ltr'><strong>polyphyllum:</strong></span> <span class='ocrx_word' id='word_1_164' title='bbox 1050 2731 1157 2812; x_wconf 85' lang='lat' dir='ltr'><strong>folio-</strong></span> 
     </span>
     <span class='ocr_line' id='line_1_23' title="bbox 40 2844 1158 2928; baseline -0.001 -14"><span class='ocrx_word' id='word_1_165' title='bbox 40 2857 88 2914; x_wconf 80' lang='lat' dir='ltr'><strong>lis</strong></span> <span class='ocrx_word' id='word_1_166' title='bbox 107 2844 308 2928; x_wconf 81' lang='lat' dir='ltr'><strong>abbreviatis,</strong></span> <span class='ocrx_word' id='word_1_167' title='bbox 330 2845 435 2911; x_wconf 89' lang='lat' dir='ltr'><strong>ovatis</strong></span> <span class='ocrx_word' id='word_1_168' title='bbox 449 2847 689 2928; x_wconf 86' lang='lat' dir='ltr'><strong>lanceolatisve‚</strong></span> <span class='ocrx_word' id='word_1_169' title='bbox 711 2849 973 2928; x_wconf 84' lang='lat' dir='ltr'><strong>membranaceis,</strong></span> <span class='ocrx_word' id='word_1_170' title='bbox 994 2859 1158 2913; x_wconf 87' lang='lat' dir='ltr'><strong>tutescen·</strong></span> 
     </span>
     <span class='ocr_line' id='line_1_24' title="bbox 42 2957 1158 3042; baseline -0.001 -13"><span class='ocrx_word' id='word_1_171' title='bbox 42 2966 152 3042; x_wconf 82' lang='lat' dir='ltr'><strong>tibus,</strong></span> <span class='ocrx_word' id='word_1_172' title='bbox 174 2957 385 3024; x_wconf 84' lang='lat' dir='ltr'><strong>subdeciduis.</strong></span> <span class='ocrx_word' id='word_1_173' title='bbox 429 2959 702 3028; x_wconf 88' lang='lat' dir='ltr'><strong>Umbellulae</strong></span> <span class='ocrx_word' id='word_1_174' title='bbox 731 2964 938 3036; x_wconf 82' lang='lat' dir='ltr'><strong>multiflorae.</strong></span> <span class='ocrx_word' id='word_1_175' title='bbox 980 2961 1158 3029; x_wconf 57' lang='lat' dir='ltr'><strong>Involu*</strong></span> 
     </span>
     <span class='ocr_line' id='line_1_25' title="bbox 41 3051 1157 3165; baseline -0.003 -20"><span class='ocrx_word' id='word_1_176' title='bbox 41 3080 155 3145; x_wconf 86' lang='lat' dir='ltr'><strong>cella</strong></span> <span class='ocrx_word' id='word_1_177' title='bbox 174 3063 382 3164; x_wconf 83' lang='lat' dir='ltr'><strong>polypbylla:</strong></span> <span class='ocrx_word' id='word_1_178' title='bbox 403 3076 532 3156; x_wconf 80' lang='lat' dir='ltr'><strong>foliolis</strong></span> <span class='ocrx_word' id='word_1_179' title='bbox 553 3078 773 3160; x_wconf 81' lang='lat' dir='ltr'><strong>magnitudine</strong></span> <span class='ocrx_word' id='word_1_180' title='bbox 795 3051 1033 3164; x_wconf 75' lang='lat' dir='ltr'><strong>inaequalibus,</strong></span> <span class='ocrx_word' id='word_1_181' title='bbox 1060 3100 1157 3165; x_wconf 88' lang='lat' dir='ltr'><strong>quam</strong></span> 
     </span>
     <span class='ocr_line' id='line_1_26' title="bbox 40 3175 1157 3273; baseline -0.002 -11"><span class='ocrx_word' id='word_1_182' title='bbox 40 3195 159 3262; x_wconf 84' lang='lat' dir='ltr'><strong>foliola</strong></span> <span class='ocrx_word' id='word_1_183' title='bbox 179 3193 337 3256; x_wconf 81' lang='lat' dir='ltr'><strong>involucri</strong></span> <span class='ocrx_word' id='word_1_184' title='bbox 357 3175 542 3273; x_wconf 84' lang='lat' dir='ltr'><strong>majoribus,</strong></span> <span class='ocrx_word' id='word_1_185' title='bbox 564 3205 726 3259; x_wconf 88' lang='lat' dir='ltr'><strong>caeterum</strong></span> <span class='ocrx_word' id='word_1_186' title='bbox 747 3197 812 3259; x_wconf 89' lang='lat' dir='ltr'><strong>illis</strong></span> <span class='ocrx_word' id='word_1_187' title='bbox 835 3196 1020 3259; x_wconf 86' lang='lat' dir='ltr'><strong>simillimis.</strong></span> <span class='ocrx_word' id='word_1_188' title='bbox 1063 3195 1157 3260; x_wconf 90' lang='lat' dir='ltr'><strong>Flo-</strong></span> 
     </span>
     <span class='ocr_line' id='line_1_27' title="bbox 41 3309 1156 3398; baseline -0.003 -19"><span class='ocrx_word' id='word_1_189' title='bbox 41 3333 115 3379; x_wconf 88' lang='lat' dir='ltr'><strong>ree</strong></span> <span class='ocrx_word' id='word_1_190' title='bbox 136 3309 172 3374; x_wconf 89' lang='lat' dir='ltr'><strong>in</strong></span> <span class='ocrx_word' id='word_1_191' title='bbox 191 3309 330 3374; x_wconf 82' lang='lat' dir='ltr'><strong>umbella</strong></span> <span class='ocrx_word' id='word_1_192' title='bbox 346 3313 555 3392; x_wconf 81' lang='lat' dir='ltr'><strong>primordiali</strong></span> <span class='ocrx_word' id='word_1_193' title='bbox 577 3329 690 3375; x_wconf 87' lang='lat' dir='ltr'><strong>omnes</strong></span> <span class='ocrx_word' id='word_1_194' title='bbox 717 3309 984 3398; x_wconf 87' lang='lat' dir='ltr'><strong>hermaphroditi,</strong></span> <span class='ocrx_word' id='word_1_195' title='bbox 1013 3311 1156 3394; x_wconf 69' lang='lat' dir='ltr'><strong>fertiles,</strong></span> 
     </span>
     <span class='ocr_line' id='line_1_28' title="bbox 40 3405 1157 3512; baseline -0.003 -18"><span class='ocrx_word' id='word_1_196' title='bbox 40 3431 80 3494; x_wconf 90' lang='lat' dir='ltr'><strong>in</strong></span> <span class='ocrx_word' id='word_1_197' title='bbox 104 3426 288 3491; x_wconf 81' lang='lat' dir='ltr'><strong>lateralibus</strong></span> <span class='ocrx_word' id='word_1_198' title='bbox 314 3421 465 3488; x_wconf 86' lang='lat' dir='ltr'><strong>videntur</strong></span> <span class='ocrx_word' id='word_1_199' title='bbox 494 3405 678 3512; x_wconf 75' lang='lat' dir='ltr'><strong>polygami3</strong></span> <span class='ocrx_word' id='word_1_200' title='bbox 707 3433 879 3490; x_wconf 70' lang='lat' dir='ltr'><strong>exteriores</strong></span> <span class='ocrx_word' id='word_1_201' title='bbox 906 3427 1044 3508; x_wconf 81' lang='lat' dir='ltr'><strong>fertiles3</strong></span> <span class='ocrx_word' id='word_1_202' title='bbox 1072 3435 1157 3492; x_wconf 82' lang='lat' dir='ltr'><strong>inte-</strong></span> 
     </span>
    </p>
   </div>
   <div class='ocr_carea' id='block_1_5' title="bbox 41 3538 1276 3642">
    <p class='ocr_par' dir='ltr' id='par_1_6' title="bbox 41 3538 1276 3642">
     <span class='ocr_line' id='line_1_29' title="bbox 41 3538 1276 3642; baseline -0.002 -34"><span class='ocrx_word' id='word_1_203' title='bbox 41 3552 145 3610; x_wconf 83' lang='lat' dir='ltr'><strong>riores</strong></span> <span class='ocrx_word' id='word_1_204' title='bbox 164 3542 353 3628; x_wconf 88' lang='lat' dir='ltr'><strong>plerumque</strong></span> <span class='ocrx_word' id='word_1_205' title='bbox 380 3540 518 3605; x_wconf 88' lang='lat' dir='ltr'><strong>steriles.</strong></span> <span class='ocrx_word' id='word_1_206' title='bbox 564 3538 697 3624; x_wconf 78' lang='lat' dir='ltr'><strong>Galyx</strong></span> <span class='ocrx_word' id='word_1_207' title='bbox 723 3542 968 3606; x_wconf 86' lang='lat' dir='ltr'><strong>minutissimus.</strong></span> <span class='ocrx_word' id='word_1_208' title='bbox 1001 3541 1157 3642; x_wconf 70' lang='lat' dir='ltr'><strong>‘Petale</strong></span> <span class='ocrx_word' id='word_1_209' title='bbox 1273 3585 1276 3592; x_wconf 78' lang='lat'><strong>,</strong></span> 
     </span>
    </p>
   </div>
   <div class='ocr_carea' id='block_1_6' title="bbox 39 3656 1204 4090">
    <p class='ocr_par' dir='ltr' id='par_1_7' title="bbox 39 3656 1204 4090">
     <span class='ocr_line' id='line_1_30' title="bbox 40 3656 1158 3737; baseline -0.001 -14"><span class='ocrx_word' id='word_1_210' title='bbox 40 3663 143 3733; x_wconf 88' lang='lat' dir='ltr'><strong>lutea,</strong></span> <span class='ocrx_word' id='word_1_211' title='bbox 165 3657 310 3737; x_wconf 81' lang='lat' dir='ltr'><strong>oblonga,</strong></span> <span class='ocrx_word' id='word_1_212' title='bbox 335 3675 484 3736; x_wconf 86' lang='lat' dir='ltr'><strong>concava,</strong></span> <span class='ocrx_word' id='word_1_213' title='bbox 508 3656 640 3737; x_wconf 87' lang='lat' dir='ltr'><strong>reflexa,</strong></span> <span class='ocrx_word' id='word_1_214' title='bbox 661 3657 750 3720; x_wconf 88' lang='lat' dir='ltr'><strong>intus</strong></span> <span class='ocrx_word' id='word_1_215' title='bbox 771 3656 830 3721; x_wconf 88' lang='lat' dir='ltr'><strong>vix</strong></span> <span class='ocrx_word' id='word_1_216' title='bbox 853 3657 1003 3726; x_wconf 80' lang='lat' dir='ltr'><strong>carinata.</strong></span> <span class='ocrx_word' id='word_1_217' title='bbox 1046 3657 1158 3722; x_wconf 82' lang='lat' dir='ltr'><strong>Fila-</strong></span> 
     </span>
     <span class='ocr_line' id='line_1_31' title="bbox 40 3757 1157 3858; baseline 0.001 -20"><span class='ocrx_word' id='word_1_218' title='bbox 40 3757 185 3838; x_wconf 81' lang='lat' dir='ltr'><strong>menta</strong></span> <span class='ocrx_word' id='word_1_219' title='bbox 206 3770 320 3858; x_wconf 88' lang='lat' dir='ltr'><strong>petalis</strong></span> <span class='ocrx_word' id='word_1_220' title='bbox 344 3771 498 3853; x_wconf 81' lang='lat' dir='ltr'><strong>longiora.</strong></span> <span class='ocrx_word' id='word_1_221' title='bbox 545 3769 720 3848; x_wconf 83' lang='lat' dir='ltr'><strong>Germen</strong></span> <span class='ocrx_word' id='word_1_222' title='bbox 750 3773 810 3836; x_wconf 88' lang='lat' dir='ltr'><strong>sub</strong></span> <span class='ocrx_word' id='word_1_223' title='bbox 831 3772 957 3836; x_wconf 87' lang='lat' dir='ltr'><strong>anthesi</strong></span> <span class='ocrx_word' id='word_1_224' title='bbox 984 3775 1157 3854; x_wconf 83' lang='lat' dir='ltr'><strong>subglobo·</strong></span> 
     </span>
     <span class='ocr_line' id='line_1_32' title="bbox 41 3881 1158 3972; baseline 0.002 -20"><span class='ocrx_word' id='word_1_225' title='bbox 41 3910 129 3953; x_wconf 89' lang='lat' dir='ltr'><strong>sum.</strong></span> <span class='ocrx_word' id='word_1_226' title='bbox 175 3884 282 3967; x_wconf 81' lang='lat' dir='ltr'><strong>scyti</strong></span> <span class='ocrx_word' id='word_1_227' title='bbox 302 3887 398 3966; x_wconf 91' lang='lat' dir='ltr'><strong>recti,</strong></span> <span class='ocrx_word' id='word_1_228' title='bbox 421 3895 493 3972; x_wconf 87' lang='lat' dir='ltr'><strong>post</strong></span> <span class='ocrx_word' id='word_1_229' title='bbox 513 3887 661 3962; x_wconf 85' lang='lat' dir='ltr'><strong>anthesin</strong></span> <span class='ocrx_word' id='word_1_230' title='bbox 680 3900 918 3968; x_wconf 84' lang='lat' dir='ltr'><strong>excrescentes,</strong></span> <span class='ocrx_word' id='word_1_231' title='bbox 944 3889 1075 3970; x_wconf 87' lang='lat' dir='ltr'><strong>reflexi,</strong></span> <span class='ocrx_word' id='word_1_232' title='bbox 1096 3881 1158 3954; x_wconf 85' lang='lat' dir='ltr'><strong>de-¹</strong></span> 
     </span>
     <span class='ocr_line' id='line_1_33' title="bbox 39 3983 1204 4090; baseline 0 -22"><span class='ocrx_word' id='word_1_233' title='bbox 39 4023 147 4068; x_wconf 84' lang='lat' dir='ltr'><strong>mum</strong></span> <span class='ocrx_word' id='word_1_234' title='bbox 158 3998 300 4082; x_wconf 66' lang='lat' dir='ltr'><strong>deciduic</strong></span> <span class='ocrx_word' id='word_1_235' title='bbox 330 4003 495 4088; x_wconf 87' lang='lat' dir='ltr'><strong>stylopo</strong></span> <span class='ocrx_word' id='word_1_236' title='bbox 509 4001 591 4066; x_wconf 57' lang='lat' dir='ltr'><strong>dio*</strong></span> <span class='ocrx_word' id='word_1_237' title='bbox 606 4004 776 4088; x_wconf 84' lang='lat' dir='ltr'><strong>pulvinata</strong></span> <span class='ocrx_word' id='word_1_238' title='bbox 798 3983 938 4068; x_wconf 82' lang='lat' dir='ltr'><strong>eximiae</strong></span> <span class='ocrx_word' id='word_1_239' title='bbox 960 4004 1157 4086; x_wconf 84' lang='lat' dir='ltr'><strong>magnitudi-</strong></span> <span class='ocrx_word' id='word_1_240' title='bbox 1197 4027 1204 4090; x_wconf 72' lang='grc' dir='ltr'><strong><em>ζ</em></strong></span> 
     </span>
    </p>
   </div>
   <div class='ocr_carea' id='block_1_7' title="bbox 40 4113 1350 4204">
    <p class='ocr_par' dir='ltr' id='par_1_8' title="bbox 40 4113 1350 4204">
     <span class='ocr_line' id='line_1_34' title="bbox 40 4113 1350 4204; baseline 0.005 -23"><span class='ocrx_word' id='word_1_241' title='bbox 40 4120 92 4181; x_wconf 90' lang='lat' dir='ltr'><strong>nis</strong></span> <span class='ocrx_word' id='word_1_242' title='bbox 112 4115 267 4203; x_wconf 85' lang='lat' dir='ltr'><strong>impositi.</strong></span> <span class='ocrx_word' id='word_1_243' title='bbox 313 4113 656 4204; x_wconf 85' lang='lat' dir='ltr'><strong>Cremocarpium</strong></span> <span class='ocrx_word' id='word_1_244' title='bbox 676 4119 874 4202; x_wconf 88' lang='lat' dir='ltr'><strong>maximum,</strong></span> <span class='ocrx_word' id='word_1_245' title='bbox 904 4122 1043 4184; x_wconf 82' lang='lat' dir='ltr'><strong>alatere</strong></span> <span class='ocrx_word' id='word_1_246' title='bbox 1065 4143 1157 4185; x_wconf 88' lang='lat' dir='ltr'><strong>com·</strong></span> <span class='ocrx_word' id='word_1_247' title='bbox 1225 4116 1227 4122; x_wconf 73' lang='grc'><strong>’</strong></span> <span class='ocrx_word' id='word_1_248' title='bbox 1347 4177 1350 4188; x_wconf 78' lang='grc'>,</span> 
     </span>
    </p>
   </div>
   <div class='ocr_carea' id='block_1_8' title="bbox 40 4227 1156 4319">
    <p class='ocr_par' dir='ltr' id='par_1_9' title="bbox 40 4227 1156 4319">
     <span class='ocr_line' id='line_1_35' title="bbox 40 4227 1156 4319; baseline 0.003 -22"><span class='ocrx_word' id='word_1_249' title='bbox 40 4253 210 4319; x_wconf 87' lang='lat' dir='ltr'><strong>pressum,</strong></span> <span class='ocrx_word' id='word_1_250' title='bbox 240 4227 348 4296; x_wconf 86' lang='grc'><strong>7-8</strong></span> <span class='ocrx_word' id='word_1_251' title='bbox 369 4233 470 4297; x_wconf 87' lang='lat' dir='ltr'><strong>lineas</strong></span> <span class='ocrx_word' id='word_1_252' title='bbox 491 4235 648 4318; x_wconf 75' lang='lat' dir='ltr'><strong>longum,</strong></span> <span class='ocrx_word' id='word_1_253' title='bbox 676 4232 832 4298; x_wconf 86' lang='lat' dir='ltr'><strong>diametro</strong></span> <span class='ocrx_word' id='word_1_254' title='bbox 855 4236 1063 4302; x_wconf 83' lang='lat' dir='ltr'><strong>transversali</strong></span> <span class='ocrx_word' id='word_1_255' title='bbox 1083 4257 1156 4302; x_wconf 87' lang='lat' dir='ltr'><strong>ma-</strong></span> 
     </span>
    </p>
   </div>
   <div class='ocr_carea' id='block_1_9' title="bbox 0 0 1384 4828">
    <p class='ocr_par' dir='ltr' id='par_1_10' title="bbox 0 0 1384 4828">
     <span class='ocr_line' id='line_1_36' title="bbox 0 0 1384 4828; baseline 0 0"><span class='ocrx_word' id='word_1_256' title='bbox 0 0 1384 4828; x_wconf 95' lang='lat' dir='ltr'><strong> </strong></span> 
     </span>
    </p>
   </div>
  </div>
 </body>
</html>
